date,last_price,last_quantity,ohlc
2021:06:18 11:11:26 IST +0530,729.0,50,"{'open': 355.4, 'high': 915.3, 'low': 279.55, 'close': 377.35}"
2021:06:18 11:11:26 IST +0530,735.65,25,"{'open': 355.4, 'high': 915.3, 'low': 279.55, 'close': 377.35}"
2021:06:18 11:11:27 IST +0530,735.65,25,"{'open': 355.4, 'high': 915.3, 'low': 279.55, 'close': 377.35}"
2021:06:18 11:11:27 IST +0530,735.65,25,"{'open': 355.4, 'high': 915.3, 'low': 279.55, 'close': 377.35}"
2021:06:18 11:11:28 IST +0530,735.65,25,"{'open': 355.4, 'high': 915.3, 'low': 279.55, 'close': 377.35}"
2021:06:18 11:11:29 IST +0530,738.75,25,"{'open': 355.4, 'high': 915.3, 'low': 279.55, 'close': 377.35}"
2021:06:18 11:11:29 IST +0530,738.75,25,"{'open': 355.4, 'high': 915.3, 'low': 279.55, 'close': 377.35}"
2021:06:18 11:11:30 IST +0530,738.75,25,"{'open': 355.4, 'high': 915.3, 'low': 279.55, 'close': 377.35}"
2021:06:18 11:11:30 IST +0530,738.75,25,"{'open': 355.4, 'high': 915.3, 'low': 279.55, 'close': 377.35}"
2021:06:18 11:11:31 IST +0530,740.0,75,"{'open': 355.4, 'high': 915.3, 'low': 279.55, 'close': 377.35}"
2021:06:18 11:11:32 IST +0530,739.6,25,"{'open': 355.4, 'high': 915.3, 'low': 279.55, 'close': 377.35}"
2021:06:18 11:11:32 IST +0530,739.3,25,"{'open': 355.4, 'high': 915.3, 'low': 279.55, 'close': 377.35}"
2021:06:18 11:11:33 IST +0530,738.25,50,"{'open': 355.4, 'high': 915.3, 'low': 279.55, 'close': 377.35}"
2021:06:18 11:11:33 IST +0530,736.35,50,"{'open': 355.4, 'high': 915.3, 'low': 279.55, 'close': 377.35}"
2021:06:18 11:11:34 IST +0530,735.45,25,"{'open': 355.4, 'high': 915.3, 'low': 279.55, 'close': 377.35}"
2021:06:18 11:11:35 IST +0530,728.35,25,"{'open': 355.4, 'high': 915.3, 'low': 279.55, 'close': 377.35}"
2021:06:18 11:11:36 IST +0530,727.0,25,"{'open': 355.4, 'high': 915.3, 'low': 279.55, 'close': 377.35}"
2021:06:18 11:11:36 IST +0530,726.15,25,"{'open': 355.4, 'high': 915.3, 'low': 279.55, 'close': 377.35}"
2021:06:18 11:11:37 IST +0530,726.15,25,"{'open': 355.4, 'high': 915.3, 'low': 279.55, 'close': 377.35}"
2021:06:18 11:11:38 IST +0530,728.7,25,"{'open': 355.4, 'high': 915.3, 'low': 279.55, 'close': 377.35}"
2021:06:18 11:11:38 IST +0530,724.5,25,"{'open': 355.4, 'high': 915.3, 'low': 279.55, 'close': 377.35}"
2021:06:18 11:11:39 IST +0530,732.65,50,"{'open': 355.4, 'high': 915.3, 'low': 279.55, 'close': 377.35}"
2021:06:18 11:11:40 IST +0530,725.8,25,"{'open': 355.4, 'high': 915.3, 'low': 279.55, 'close': 377.35}"
2021:06:18 11:11:41 IST +0530,728.5,25,"{'open': 355.4, 'high': 915.3, 'low': 279.55, 'close': 377.35}"
2021:06:18 11:11:41 IST +0530,725.0,25,"{'open': 355.4, 'high': 915.3, 'low': 279.55, 'close': 377.35}"
2021:06:18 11:11:42 IST +0530,722.7,25,"{'open': 355.4, 'high': 915.3, 'low': 279.55, 'close': 377.35}"
2021:06:18 11:11:42 IST +0530,722.65,25,"{'open': 355.4, 'high': 915.3, 'low': 279.55, 'close': 377.35}"
2021:06:18 11:11:43 IST +0530,723.45,50,"{'open': 355.4, 'high': 915.3, 'low': 279.55, 'close': 377.35}"
2021:06:18 11:11:44 IST +0530,714.55,25,"{'open': 355.4, 'high': 915.3, 'low': 279.55, 'close': 377.35}"
2021:06:18 11:11:44 IST +0530,712.4,50,"{'open': 355.4, 'high': 915.3, 'low': 279.55, 'close': 377.35}"
2021:06:18 11:11:45 IST +0530,717.7,50,"{'open': 355.4, 'high': 915.3, 'low': 279.55, 'close': 377.35}"
2021:06:18 11:11:45 IST +0530,717.55,25,"{'open': 355.4, 'high': 915.3, 'low': 279.55, 'close': 377.35}"
2021:06:18 11:11:46 IST +0530,717.55,25,"{'open': 355.4, 'high': 915.3, 'low': 279.55, 'close': 377.35}"
2021:06:18 11:11:47 IST +0530,712.8,25,"{'open': 355.4, 'high': 915.3, 'low': 279.55, 'close': 377.35}"
2021:06:18 11:11:47 IST +0530,717.55,25,"{'open': 355.4, 'high': 915.3, 'low': 279.55, 'close': 377.35}"
2021:06:18 11:11:48 IST +0530,717.55,25,"{'open': 355.4, 'high': 915.3, 'low': 279.55, 'close': 377.35}"
2021:06:18 11:11:48 IST +0530,715.0,25,"{'open': 355.4, 'high': 915.3, 'low': 279.55, 'close': 377.35}"
2021:06:18 11:11:49 IST +0530,713.8,25,"{'open': 355.4, 'high': 915.3, 'low': 279.55, 'close': 377.35}"
2021:06:18 11:11:50 IST +0530,718.45,25,"{'open': 355.4, 'high': 915.3, 'low': 279.55, 'close': 377.35}"
2021:06:18 11:11:50 IST +0530,718.45,25,"{'open': 355.4, 'high': 915.3, 'low': 279.55, 'close': 377.35}"
2021:06:18 11:11:51 IST +0530,725.7,25,"{'open': 355.4, 'high': 915.3, 'low': 279.55, 'close': 377.35}"
2021:06:18 11:11:51 IST +0530,728.1,25,"{'open': 355.4, 'high': 915.3, 'low': 279.55, 'close': 377.35}"
2021:06:18 11:11:52 IST +0530,728.1,25,"{'open': 355.4, 'high': 915.3, 'low': 279.55, 'close': 377.35}"
2021:06:18 11:11:53 IST +0530,728.1,25,"{'open': 355.4, 'high': 915.3, 'low': 279.55, 'close': 377.35}"
2021:06:18 11:11:53 IST +0530,728.1,25,"{'open': 355.4, 'high': 915.3, 'low': 279.55, 'close': 377.35}"
2021:06:18 11:11:54 IST +0530,728.1,25,"{'open': 355.4, 'high': 915.3, 'low': 279.55, 'close': 377.35}"
2021:06:18 11:11:54 IST +0530,731.75,25,"{'open': 355.4, 'high': 915.3, 'low': 279.55, 'close': 377.35}"
2021:06:18 11:11:55 IST +0530,730.55,25,"{'open': 355.4, 'high': 915.3, 'low': 279.55, 'close': 377.35}"
2021:06:18 11:11:56 IST +0530,727.8,25,"{'open': 355.4, 'high': 915.3, 'low': 279.55, 'close': 377.35}"
2021:06:18 11:11:56 IST +0530,723.45,25,"{'open': 355.4, 'high': 915.3, 'low': 279.55, 'close': 377.35}"
2021:06:18 11:11:57 IST +0530,722.15,50,"{'open': 355.4, 'high': 915.3, 'low': 279.55, 'close': 377.35}"
2021:06:18 11:11:57 IST +0530,724.95,25,"{'open': 355.4, 'high': 915.3, 'low': 279.55, 'close': 377.35}"
2021:06:18 11:11:58 IST +0530,724.95,25,"{'open': 355.4, 'high': 915.3, 'low': 279.55, 'close': 377.35}"
2021:06:18 11:11:59 IST +0530,724.95,25,"{'open': 355.4, 'high': 915.3, 'low': 279.55, 'close': 377.35}"
2021:06:18 11:11:59 IST +0530,724.95,25,"{'open': 355.4, 'high': 915.3, 'low': 279.55, 'close': 377.35}"
2021:06:18 11:12:00 IST +0530,724.95,25,"{'open': 355.4, 'high': 915.3, 'low': 279.55, 'close': 377.35}"
2021:06:18 11:12:01 IST +0530,724.7,25,"{'open': 355.4, 'high': 915.3, 'low': 279.55, 'close': 377.35}"
2021:06:18 11:12:02 IST +0530,724.55,25,"{'open': 355.4, 'high': 915.3, 'low': 279.55, 'close': 377.35}"
2021:06:18 11:12:03 IST +0530,724.55,25,"{'open': 355.4, 'high': 915.3, 'low': 279.55, 'close': 377.35}"
2021:06:18 11:12:03 IST +0530,724.55,25,"{'open': 355.4, 'high': 915.3, 'low': 279.55, 'close': 377.35}"
2021:06:18 11:12:04 IST +0530,724.55,25,"{'open': 355.4, 'high': 915.3, 'low': 279.55, 'close': 377.35}"
2021:06:18 11:12:05 IST +0530,727.25,25,"{'open': 355.4, 'high': 915.3, 'low': 279.55, 'close': 377.35}"
2021:06:18 11:12:05 IST +0530,727.25,25,"{'open': 355.4, 'high': 915.3, 'low': 279.55, 'close': 377.35}"
2021:06:18 11:12:06 IST +0530,727.25,25,"{'open': 355.4, 'high': 915.3, 'low': 279.55, 'close': 377.35}"
2021:06:18 11:12:06 IST +0530,727.25,25,"{'open': 355.4, 'high': 915.3, 'low': 279.55, 'close': 377.35}"
2021:06:18 11:12:07 IST +0530,727.25,25,"{'open': 355.4, 'high': 915.3, 'low': 279.55, 'close': 377.35}"
2021:06:18 11:12:08 IST +0530,725.45,25,"{'open': 355.4, 'high': 915.3, 'low': 279.55, 'close': 377.35}"
2021:06:18 11:12:08 IST +0530,730.0,25,"{'open': 355.4, 'high': 915.3, 'low': 279.55, 'close': 377.35}"
2021:06:18 11:12:09 IST +0530,731.1,25,"{'open': 355.4, 'high': 915.3, 'low': 279.55, 'close': 377.35}"
2021:06:18 11:12:09 IST +0530,737.9,25,"{'open': 355.4, 'high': 915.3, 'low': 279.55, 'close': 377.35}"
2021:06:18 11:12:10 IST +0530,737.9,25,"{'open': 355.4, 'high': 915.3, 'low': 279.55, 'close': 377.35}"
2021:06:18 11:12:11 IST +0530,732.9,25,"{'open': 355.4, 'high': 915.3, 'low': 279.55, 'close': 377.35}"
2021:06:18 11:12:12 IST +0530,730.25,50,"{'open': 355.4, 'high': 915.3, 'low': 279.55, 'close': 377.35}"
2021:06:18 11:12:13 IST +0530,730.25,50,"{'open': 355.4, 'high': 915.3, 'low': 279.55, 'close': 377.35}"
2021:06:18 11:12:14 IST +0530,725.55,25,"{'open': 355.4, 'high': 915.3, 'low': 279.55, 'close': 377.35}"
2021:06:18 11:12:14 IST +0530,722.65,25,"{'open': 355.4, 'high': 915.3, 'low': 279.55, 'close': 377.35}"
2021:06:18 11:12:15 IST +0530,722.35,25,"{'open': 355.4, 'high': 915.3, 'low': 279.55, 'close': 377.35}"
2021:06:18 11:12:15 IST +0530,720.0,25,"{'open': 355.4, 'high': 915.3, 'low': 279.55, 'close': 377.35}"
2021:06:18 11:12:16 IST +0530,720.0,25,"{'open': 355.4, 'high': 915.3, 'low': 279.55, 'close': 377.35}"
2021:06:18 11:12:17 IST +0530,720.8,25,"{'open': 355.4, 'high': 915.3, 'low': 279.55, 'close': 377.35}"
2021:06:18 11:12:17 IST +0530,726.2,25,"{'open': 355.4, 'high': 915.3, 'low': 279.55, 'close': 377.35}"
2021:06:18 11:12:18 IST +0530,731.0,25,"{'open': 355.4, 'high': 915.3, 'low': 279.55, 'close': 377.35}"
2021:06:18 11:12:18 IST +0530,726.8,50,"{'open': 355.4, 'high': 915.3, 'low': 279.55, 'close': 377.35}"
2021:06:18 11:12:19 IST +0530,724.2,25,"{'open': 355.4, 'high': 915.3, 'low': 279.55, 'close': 377.35}"
2021:06:18 11:12:20 IST +0530,722.4,25,"{'open': 355.4, 'high': 915.3, 'low': 279.55, 'close': 377.35}"
2021:06:18 11:12:20 IST +0530,722.4,25,"{'open': 355.4, 'high': 915.3, 'low': 279.55, 'close': 377.35}"
2021:06:18 11:12:21 IST +0530,718.45,75,"{'open': 355.4, 'high': 915.3, 'low': 279.55, 'close': 377.35}"
2021:06:18 11:12:21 IST +0530,721.65,25,"{'open': 355.4, 'high': 915.3, 'low': 279.55, 'close': 377.35}"
2021:06:18 11:12:22 IST +0530,721.65,25,"{'open': 355.4, 'high': 915.3, 'low': 279.55, 'close': 377.35}"
2021:06:18 11:12:23 IST +0530,721.65,25,"{'open': 355.4, 'high': 915.3, 'low': 279.55, 'close': 377.35}"
2021:06:18 11:12:23 IST +0530,721.65,25,"{'open': 355.4, 'high': 915.3, 'low': 279.55, 'close': 377.35}"
2021:06:18 11:12:24 IST +0530,720.95,25,"{'open': 355.4, 'high': 915.3, 'low': 279.55, 'close': 377.35}"
2021:06:18 11:12:24 IST +0530,718.9,25,"{'open': 355.4, 'high': 915.3, 'low': 279.55, 'close': 377.35}"
2021:06:18 11:12:25 IST +0530,718.75,25,"{'open': 355.4, 'high': 915.3, 'low': 279.55, 'close': 377.35}"
2021:06:18 11:12:26 IST +0530,715.0,25,"{'open': 355.4, 'high': 915.3, 'low': 279.55, 'close': 377.35}"
2021:06:18 11:12:26 IST +0530,712.85,25,"{'open': 355.4, 'high': 915.3, 'low': 279.55, 'close': 377.35}"
2021:06:18 11:12:27 IST +0530,712.85,25,"{'open': 355.4, 'high': 915.3, 'low': 279.55, 'close': 377.35}"
2021:06:18 11:12:27 IST +0530,710.7,25,"{'open': 355.4, 'high': 915.3, 'low': 279.55, 'close': 377.35}"
2021:06:18 11:12:28 IST +0530,711.75,25,"{'open': 355.4, 'high': 915.3, 'low': 279.55, 'close': 377.35}"
2021:06:18 11:12:29 IST +0530,708.4,25,"{'open': 355.4, 'high': 915.3, 'low': 279.55, 'close': 377.35}"
2021:06:18 11:12:29 IST +0530,708.4,25,"{'open': 355.4, 'high': 915.3, 'low': 279.55, 'close': 377.35}"
2021:06:18 11:12:30 IST +0530,708.4,25,"{'open': 355.4, 'high': 915.3, 'low': 279.55, 'close': 377.35}"
2021:06:18 11:12:30 IST +0530,708.8,25,"{'open': 355.4, 'high': 915.3, 'low': 279.55, 'close': 377.35}"
2021:06:18 11:12:31 IST +0530,711.1,25,"{'open': 355.4, 'high': 915.3, 'low': 279.55, 'close': 377.35}"
2021:06:18 11:12:32 IST +0530,710.45,25,"{'open': 355.4, 'high': 915.3, 'low': 279.55, 'close': 377.35}"
2021:06:18 11:12:32 IST +0530,712.0,50,"{'open': 355.4, 'high': 915.3, 'low': 279.55, 'close': 377.35}"
2021:06:18 11:12:33 IST +0530,707.4,25,"{'open': 355.4, 'high': 915.3, 'low': 279.55, 'close': 377.35}"
2021:06:18 11:12:33 IST +0530,707.0,25,"{'open': 355.4, 'high': 915.3, 'low': 279.55, 'close': 377.35}"
2021:06:18 11:12:34 IST +0530,707.0,25,"{'open': 355.4, 'high': 915.3, 'low': 279.55, 'close': 377.35}"
2021:06:18 11:12:35 IST +0530,700.05,25,"{'open': 355.4, 'high': 915.3, 'low': 279.55, 'close': 377.35}"
2021:06:18 11:12:36 IST +0530,703.25,50,"{'open': 355.4, 'high': 915.3, 'low': 279.55, 'close': 377.35}"
2021:06:18 11:12:37 IST +0530,698.25,25,"{'open': 355.4, 'high': 915.3, 'low': 279.55, 'close': 377.35}"
2021:06:18 11:12:38 IST +0530,707.35,25,"{'open': 355.4, 'high': 915.3, 'low': 279.55, 'close': 377.35}"
2021:06:18 11:12:39 IST +0530,705.8,25,"{'open': 355.4, 'high': 915.3, 'low': 279.55, 'close': 377.35}"
2021:06:18 11:12:40 IST +0530,704.7,25,"{'open': 355.4, 'high': 915.3, 'low': 279.55, 'close': 377.35}"
2021:06:18 11:12:41 IST +0530,711.0,400,"{'open': 355.4, 'high': 915.3, 'low': 279.55, 'close': 377.35}"
2021:06:18 11:12:41 IST +0530,713.25,25,"{'open': 355.4, 'high': 915.3, 'low': 279.55, 'close': 377.35}"
2021:06:18 11:12:42 IST +0530,718.9,150,"{'open': 355.4, 'high': 915.3, 'low': 279.55, 'close': 377.35}"
2021:06:18 11:12:42 IST +0530,723.1,25,"{'open': 355.4, 'high': 915.3, 'low': 279.55, 'close': 377.35}"
2021:06:18 11:12:43 IST +0530,723.1,25,"{'open': 355.4, 'high': 915.3, 'low': 279.55, 'close': 377.35}"
2021:06:18 11:12:44 IST +0530,723.1,25,"{'open': 355.4, 'high': 915.3, 'low': 279.55, 'close': 377.35}"
2021:06:18 11:12:44 IST +0530,716.05,25,"{'open': 355.4, 'high': 915.3, 'low': 279.55, 'close': 377.35}"
2021:06:18 11:12:45 IST +0530,717.45,50,"{'open': 355.4, 'high': 915.3, 'low': 279.55, 'close': 377.35}"
2021:06:18 11:12:45 IST +0530,715.85,25,"{'open': 355.4, 'high': 915.3, 'low': 279.55, 'close': 377.35}"
2021:06:18 11:12:46 IST +0530,715.85,25,"{'open': 355.4, 'high': 915.3, 'low': 279.55, 'close': 377.35}"
2021:06:18 11:12:47 IST +0530,718.0,100,"{'open': 355.4, 'high': 915.3, 'low': 279.55, 'close': 377.35}"
2021:06:18 11:12:47 IST +0530,718.0,100,"{'open': 355.4, 'high': 915.3, 'low': 279.55, 'close': 377.35}"
2021:06:18 11:12:48 IST +0530,718.0,100,"{'open': 355.4, 'high': 915.3, 'low': 279.55, 'close': 377.35}"
2021:06:18 11:12:48 IST +0530,725.0,50,"{'open': 355.4, 'high': 915.3, 'low': 279.55, 'close': 377.35}"
2021:06:18 11:12:49 IST +0530,725.0,50,"{'open': 355.4, 'high': 915.3, 'low': 279.55, 'close': 377.35}"
2021:06:18 11:12:50 IST +0530,725.4,25,"{'open': 355.4, 'high': 915.3, 'low': 279.55, 'close': 377.35}"
2021:06:18 11:12:50 IST +0530,720.5,50,"{'open': 355.4, 'high': 915.3, 'low': 279.55, 'close': 377.35}"
2021:06:18 11:12:51 IST +0530,720.5,50,"{'open': 355.4, 'high': 915.3, 'low': 279.55, 'close': 377.35}"
2021:06:18 11:12:51 IST +0530,717.45,25,"{'open': 355.4, 'high': 915.3, 'low': 279.55, 'close': 377.35}"
2021:06:18 11:12:52 IST +0530,717.45,25,"{'open': 355.4, 'high': 915.3, 'low': 279.55, 'close': 377.35}"
2021:06:18 11:12:53 IST +0530,713.3,25,"{'open': 355.4, 'high': 915.3, 'low': 279.55, 'close': 377.35}"
2021:06:18 11:12:53 IST +0530,713.3,25,"{'open': 355.4, 'high': 915.3, 'low': 279.55, 'close': 377.35}"
2021:06:18 11:12:54 IST +0530,706.3,25,"{'open': 355.4, 'high': 915.3, 'low': 279.55, 'close': 377.35}"
2021:06:18 11:12:55 IST +0530,706.3,25,"{'open': 355.4, 'high': 915.3, 'low': 279.55, 'close': 377.35}"
2021:06:18 11:12:56 IST +0530,709.0,50,"{'open': 355.4, 'high': 915.3, 'low': 279.55, 'close': 377.35}"
2021:06:18 11:12:56 IST +0530,709.0,50,"{'open': 355.4, 'high': 915.3, 'low': 279.55, 'close': 377.35}"
2021:06:18 11:12:57 IST +0530,715.95,25,"{'open': 355.4, 'high': 915.3, 'low': 279.55, 'close': 377.35}"
2021:06:18 11:12:57 IST +0530,715.95,25,"{'open': 355.4, 'high': 915.3, 'low': 279.55, 'close': 377.35}"
2021:06:18 11:12:58 IST +0530,714.85,25,"{'open': 355.4, 'high': 915.3, 'low': 279.55, 'close': 377.35}"
2021:06:18 11:12:59 IST +0530,714.6,50,"{'open': 355.4, 'high': 915.3, 'low': 279.55, 'close': 377.35}"
2021:06:18 11:13:00 IST +0530,714.6,50,"{'open': 355.4, 'high': 915.3, 'low': 279.55, 'close': 377.35}"
2021:06:18 11:13:00 IST +0530,714.6,50,"{'open': 355.4, 'high': 915.3, 'low': 279.55, 'close': 377.35}"
2021:06:18 11:13:01 IST +0530,707.8,25,"{'open': 355.4, 'high': 915.3, 'low': 279.55, 'close': 377.35}"
2021:06:18 11:13:02 IST +0530,707.8,25,"{'open': 355.4, 'high': 915.3, 'low': 279.55, 'close': 377.35}"
2021:06:18 11:13:02 IST +0530,707.8,25,"{'open': 355.4, 'high': 915.3, 'low': 279.55, 'close': 377.35}"
2021:06:18 11:13:03 IST +0530,706.6,25,"{'open': 355.4, 'high': 915.3, 'low': 279.55, 'close': 377.35}"
2021:06:18 11:13:03 IST +0530,710.55,25,"{'open': 355.4, 'high': 915.3, 'low': 279.55, 'close': 377.35}"
2021:06:18 11:13:04 IST +0530,710.55,25,"{'open': 355.4, 'high': 915.3, 'low': 279.55, 'close': 377.35}"
2021:06:18 11:13:05 IST +0530,710.5,25,"{'open': 355.4, 'high': 915.3, 'low': 279.55, 'close': 377.35}"
2021:06:18 11:13:05 IST +0530,709.35,25,"{'open': 355.4, 'high': 915.3, 'low': 279.55, 'close': 377.35}"
2021:06:18 11:13:06 IST +0530,702.05,25,"{'open': 355.4, 'high': 915.3, 'low': 279.55, 'close': 377.35}"
2021:06:18 11:13:07 IST +0530,704.0,25,"{'open': 355.4, 'high': 915.3, 'low': 279.55, 'close': 377.35}"
2021:06:18 11:13:08 IST +0530,713.3,25,"{'open': 355.4, 'high': 915.3, 'low': 279.55, 'close': 377.35}"
2021:06:18 11:13:09 IST +0530,713.3,25,"{'open': 355.4, 'high': 915.3, 'low': 279.55, 'close': 377.35}"
2021:06:18 11:13:09 IST +0530,713.3,25,"{'open': 355.4, 'high': 915.3, 'low': 279.55, 'close': 377.35}"
2021:06:18 11:13:10 IST +0530,707.1,25,"{'open': 355.4, 'high': 915.3, 'low': 279.55, 'close': 377.35}"
2021:06:18 11:13:11 IST +0530,704.2,25,"{'open': 355.4, 'high': 915.3, 'low': 279.55, 'close': 377.35}"
2021:06:18 11:13:11 IST +0530,702.35,25,"{'open': 355.4, 'high': 915.3, 'low': 279.55, 'close': 377.35}"
2021:06:18 11:13:12 IST +0530,702.35,25,"{'open': 355.4, 'high': 915.3, 'low': 279.55, 'close': 377.35}"
2021:06:18 11:13:12 IST +0530,702.35,25,"{'open': 355.4, 'high': 915.3, 'low': 279.55, 'close': 377.35}"
2021:06:18 11:13:13 IST +0530,702.35,25,"{'open': 355.4, 'high': 915.3, 'low': 279.55, 'close': 377.35}"
2021:06:18 11:13:14 IST +0530,702.35,25,"{'open': 355.4, 'high': 915.3, 'low': 279.55, 'close': 377.35}"
2021:06:18 11:13:14 IST +0530,702.35,25,"{'open': 355.4, 'high': 915.3, 'low': 279.55, 'close': 377.35}"
2021:06:18 11:13:15 IST +0530,707.9,25,"{'open': 355.4, 'high': 915.3, 'low': 279.55, 'close': 377.35}"
2021:06:18 11:13:15 IST +0530,707.9,25,"{'open': 355.4, 'high': 915.3, 'low': 279.55, 'close': 377.35}"
2021:06:18 11:13:16 IST +0530,714.0,25,"{'open': 355.4, 'high': 915.3, 'low': 279.55, 'close': 377.35}"
2021:06:18 11:13:17 IST +0530,714.0,25,"{'open': 355.4, 'high': 915.3, 'low': 279.55, 'close': 377.35}"
2021:06:18 11:13:17 IST +0530,714.1,25,"{'open': 355.4, 'high': 915.3, 'low': 279.55, 'close': 377.35}"
2021:06:18 11:13:18 IST +0530,714.1,25,"{'open': 355.4, 'high': 915.3, 'low': 279.55, 'close': 377.35}"
2021:06:18 11:13:18 IST +0530,719.4,25,"{'open': 355.4, 'high': 915.3, 'low': 279.55, 'close': 377.35}"
2021:06:18 11:13:19 IST +0530,719.4,25,"{'open': 355.4, 'high': 915.3, 'low': 279.55, 'close': 377.35}"
2021:06:18 11:13:20 IST +0530,719.4,25,"{'open': 355.4, 'high': 915.3, 'low': 279.55, 'close': 377.35}"
2021:06:18 11:13:20 IST +0530,714.15,25,"{'open': 355.4, 'high': 915.3, 'low': 279.55, 'close': 377.35}"
2021:06:18 11:13:21 IST +0530,710.55,25,"{'open': 355.4, 'high': 915.3, 'low': 279.55, 'close': 377.35}"
2021:06:18 11:13:21 IST +0530,710.55,25,"{'open': 355.4, 'high': 915.3, 'low': 279.55, 'close': 377.35}"
2021:06:18 11:13:22 IST +0530,710.55,25,"{'open': 355.4, 'high': 915.3, 'low': 279.55, 'close': 377.35}"
2021:06:18 11:13:23 IST +0530,710.55,25,"{'open': 355.4, 'high': 915.3, 'low': 279.55, 'close': 377.35}"
2021:06:18 11:13:23 IST +0530,710.55,25,"{'open': 355.4, 'high': 915.3, 'low': 279.55, 'close': 377.35}"
2021:06:18 11:13:24 IST +0530,710.55,25,"{'open': 355.4, 'high': 915.3, 'low': 279.55, 'close': 377.35}"
2021:06:18 11:13:24 IST +0530,701.05,25,"{'open': 355.4, 'high': 915.3, 'low': 279.55, 'close': 377.35}"
2021:06:18 11:13:25 IST +0530,700.0,75,"{'open': 355.4, 'high': 915.3, 'low': 279.55, 'close': 377.35}"
2021:06:18 11:13:26 IST +0530,700.0,75,"{'open': 355.4, 'high': 915.3, 'low': 279.55, 'close': 377.35}"
2021:06:18 11:13:26 IST +0530,699.75,25,"{'open': 355.4, 'high': 915.3, 'low': 279.55, 'close': 377.35}"
2021:06:18 11:13:27 IST +0530,699.75,25,"{'open': 355.4, 'high': 915.3, 'low': 279.55, 'close': 377.35}"
2021:06:18 11:13:27 IST +0530,699.75,25,"{'open': 355.4, 'high': 915.3, 'low': 279.55, 'close': 377.35}"
2021:06:18 11:13:28 IST +0530,702.05,25,"{'open': 355.4, 'high': 915.3, 'low': 279.55, 'close': 377.35}"
2021:06:18 11:13:29 IST +0530,702.0,25,"{'open': 355.4, 'high': 915.3, 'low': 279.55, 'close': 377.35}"
2021:06:18 11:13:29 IST +0530,702.0,25,"{'open': 355.4, 'high': 915.3, 'low': 279.55, 'close': 377.35}"
2021:06:18 11:13:30 IST +0530,700.0,25,"{'open': 355.4, 'high': 915.3, 'low': 279.55, 'close': 377.35}"
2021:06:18 11:13:30 IST +0530,696.95,25,"{'open': 355.4, 'high': 915.3, 'low': 279.55, 'close': 377.35}"
2021:06:18 11:13:31 IST +0530,696.95,25,"{'open': 355.4, 'high': 915.3, 'low': 279.55, 'close': 377.35}"
2021:06:18 11:13:32 IST +0530,698.55,25,"{'open': 355.4, 'high': 915.3, 'low': 279.55, 'close': 377.35}"
2021:06:18 11:13:32 IST +0530,692.15,25,"{'open': 355.4, 'high': 915.3, 'low': 279.55, 'close': 377.35}"
2021:06:18 11:13:33 IST +0530,692.15,25,"{'open': 355.4, 'high': 915.3, 'low': 279.55, 'close': 377.35}"
2021:06:18 11:13:33 IST +0530,702.05,25,"{'open': 355.4, 'high': 915.3, 'low': 279.55, 'close': 377.35}"
2021:06:18 11:13:34 IST +0530,698.45,25,"{'open': 355.4, 'high': 915.3, 'low': 279.55, 'close': 377.35}"
2021:06:18 11:13:35 IST +0530,698.2,25,"{'open': 355.4, 'high': 915.3, 'low': 279.55, 'close': 377.35}"
2021:06:18 11:13:35 IST +0530,694.4,50,"{'open': 355.4, 'high': 915.3, 'low': 279.55, 'close': 377.35}"
2021:06:18 11:13:36 IST +0530,696.6,25,"{'open': 355.4, 'high': 915.3, 'low': 279.55, 'close': 377.35}"
2021:06:18 11:13:36 IST +0530,700.35,25,"{'open': 355.4, 'high': 915.3, 'low': 279.55, 'close': 377.35}"
2021:06:18 11:13:37 IST +0530,706.85,25,"{'open': 355.4, 'high': 915.3, 'low': 279.55, 'close': 377.35}"
2021:06:18 11:13:38 IST +0530,706.85,25,"{'open': 355.4, 'high': 915.3, 'low': 279.55, 'close': 377.35}"
2021:06:18 11:13:38 IST +0530,706.85,25,"{'open': 355.4, 'high': 915.3, 'low': 279.55, 'close': 377.35}"
2021:06:18 11:13:39 IST +0530,706.85,25,"{'open': 355.4, 'high': 915.3, 'low': 279.55, 'close': 377.35}"
2021:06:18 11:13:39 IST +0530,710.0,25,"{'open': 355.4, 'high': 915.3, 'low': 279.55, 'close': 377.35}"
2021:06:18 11:13:40 IST +0530,711.35,25,"{'open': 355.4, 'high': 915.3, 'low': 279.55, 'close': 377.35}"
2021:06:18 11:13:41 IST +0530,711.35,25,"{'open': 355.4, 'high': 915.3, 'low': 279.55, 'close': 377.35}"
2021:06:18 11:13:41 IST +0530,712.0,25,"{'open': 355.4, 'high': 915.3, 'low': 279.55, 'close': 377.35}"
2021:06:18 11:13:42 IST +0530,712.0,25,"{'open': 355.4, 'high': 915.3, 'low': 279.55, 'close': 377.35}"
2021:06:18 11:13:42 IST +0530,713.5,25,"{'open': 355.4, 'high': 915.3, 'low': 279.55, 'close': 377.35}"
2021:06:18 11:13:43 IST +0530,711.35,25,"{'open': 355.4, 'high': 915.3, 'low': 279.55, 'close': 377.35}"
2021:06:18 11:13:44 IST +0530,712.4,25,"{'open': 355.4, 'high': 915.3, 'low': 279.55, 'close': 377.35}"
2021:06:18 11:13:44 IST +0530,712.4,25,"{'open': 355.4, 'high': 915.3, 'low': 279.55, 'close': 377.35}"
2021:06:18 11:13:45 IST +0530,712.4,25,"{'open': 355.4, 'high': 915.3, 'low': 279.55, 'close': 377.35}"
2021:06:18 11:13:45 IST +0530,705.1,25,"{'open': 355.4, 'high': 915.3, 'low': 279.55, 'close': 377.35}"
2021:06:18 11:13:46 IST +0530,705.8,50,"{'open': 355.4, 'high': 915.3, 'low': 279.55, 'close': 377.35}"
2021:06:18 11:13:47 IST +0530,705.8,50,"{'open': 355.4, 'high': 915.3, 'low': 279.55, 'close': 377.35}"
2021:06:18 11:13:47 IST +0530,705.8,50,"{'open': 355.4, 'high': 915.3, 'low': 279.55, 'close': 377.35}"
2021:06:18 11:13:48 IST +0530,705.8,50,"{'open': 355.4, 'high': 915.3, 'low': 279.55, 'close': 377.35}"
2021:06:18 11:13:48 IST +0530,708.3,25,"{'open': 355.4, 'high': 915.3, 'low': 279.55, 'close': 377.35}"
2021:06:18 11:13:49 IST +0530,710.0,25,"{'open': 355.4, 'high': 915.3, 'low': 279.55, 'close': 377.35}"
2021:06:18 11:13:50 IST +0530,710.0,25,"{'open': 355.4, 'high': 915.3, 'low': 279.55, 'close': 377.35}"
2021:06:18 11:13:51 IST +0530,704.05,25,"{'open': 355.4, 'high': 915.3, 'low': 279.55, 'close': 377.35}"
2021:06:18 11:13:51 IST +0530,706.75,25,"{'open': 355.4, 'high': 915.3, 'low': 279.55, 'close': 377.35}"
2021:06:18 11:13:52 IST +0530,704.0,25,"{'open': 355.4, 'high': 915.3, 'low': 279.55, 'close': 377.35}"
2021:06:18 11:13:53 IST +0530,704.0,25,"{'open': 355.4, 'high': 915.3, 'low': 279.55, 'close': 377.35}"
2021:06:18 11:13:53 IST +0530,704.0,25,"{'open': 355.4, 'high': 915.3, 'low': 279.55, 'close': 377.35}"
2021:06:18 11:13:54 IST +0530,704.0,25,"{'open': 355.4, 'high': 915.3, 'low': 279.55, 'close': 377.35}"
2021:06:18 11:13:54 IST +0530,704.0,25,"{'open': 355.4, 'high': 915.3, 'low': 279.55, 'close': 377.35}"
2021:06:18 11:13:55 IST +0530,700.15,25,"{'open': 355.4, 'high': 915.3, 'low': 279.55, 'close': 377.35}"
2021:06:18 11:13:56 IST +0530,700.0,25,"{'open': 355.4, 'high': 915.3, 'low': 279.55, 'close': 377.35}"
2021:06:18 11:13:56 IST +0530,706.0,50,"{'open': 355.4, 'high': 915.3, 'low': 279.55, 'close': 377.35}"
2021:06:18 11:13:57 IST +0530,707.7,25,"{'open': 355.4, 'high': 915.3, 'low': 279.55, 'close': 377.35}"
2021:06:18 11:13:57 IST +0530,707.7,25,"{'open': 355.4, 'high': 915.3, 'low': 279.55, 'close': 377.35}"
2021:06:18 11:13:58 IST +0530,707.7,25,"{'open': 355.4, 'high': 915.3, 'low': 279.55, 'close': 377.35}"
2021:06:18 11:13:59 IST +0530,709.7,25,"{'open': 355.4, 'high': 915.3, 'low': 279.55, 'close': 377.35}"
2021:06:18 11:14:00 IST +0530,715.0,75,"{'open': 355.4, 'high': 915.3, 'low': 279.55, 'close': 377.35}"
2021:06:18 11:14:00 IST +0530,715.0,75,"{'open': 355.4, 'high': 915.3, 'low': 279.55, 'close': 377.35}"
2021:06:18 11:14:01 IST +0530,715.0,75,"{'open': 355.4, 'high': 915.3, 'low': 279.55, 'close': 377.35}"
2021:06:18 11:14:02 IST +0530,715.0,25,"{'open': 355.4, 'high': 915.3, 'low': 279.55, 'close': 377.35}"
2021:06:18 11:14:02 IST +0530,715.0,25,"{'open': 355.4, 'high': 915.3, 'low': 279.55, 'close': 377.35}"
2021:06:18 11:14:03 IST +0530,715.0,25,"{'open': 355.4, 'high': 915.3, 'low': 279.55, 'close': 377.35}"
2021:06:18 11:14:03 IST +0530,715.0,25,"{'open': 355.4, 'high': 915.3, 'low': 279.55, 'close': 377.35}"
2021:06:18 11:14:04 IST +0530,715.0,25,"{'open': 355.4, 'high': 915.3, 'low': 279.55, 'close': 377.35}"
2021:06:18 11:14:05 IST +0530,715.0,25,"{'open': 355.4, 'high': 915.3, 'low': 279.55, 'close': 377.35}"
2021:06:18 11:14:05 IST +0530,715.0,25,"{'open': 355.4, 'high': 915.3, 'low': 279.55, 'close': 377.35}"
2021:06:18 11:14:06 IST +0530,704.2,25,"{'open': 355.4, 'high': 915.3, 'low': 279.55, 'close': 377.35}"
2021:06:18 11:14:06 IST +0530,704.2,25,"{'open': 355.4, 'high': 915.3, 'low': 279.55, 'close': 377.35}"
2021:06:18 11:14:07 IST +0530,704.2,25,"{'open': 355.4, 'high': 915.3, 'low': 279.55, 'close': 377.35}"
2021:06:18 11:14:08 IST +0530,704.2,25,"{'open': 355.4, 'high': 915.3, 'low': 279.55, 'close': 377.35}"
2021:06:18 11:14:08 IST +0530,704.3,25,"{'open': 355.4, 'high': 915.3, 'low': 279.55, 'close': 377.35}"
2021:06:18 11:14:09 IST +0530,705.95,25,"{'open': 355.4, 'high': 915.3, 'low': 279.55, 'close': 377.35}"
2021:06:18 11:14:09 IST +0530,705.95,25,"{'open': 355.4, 'high': 915.3, 'low': 279.55, 'close': 377.35}"
2021:06:18 11:14:10 IST +0530,705.95,25,"{'open': 355.4, 'high': 915.3, 'low': 279.55, 'close': 377.35}"
2021:06:18 11:14:11 IST +0530,705.05,25,"{'open': 355.4, 'high': 915.3, 'low': 279.55, 'close': 377.35}"
2021:06:18 11:14:11 IST +0530,705.05,25,"{'open': 355.4, 'high': 915.3, 'low': 279.55, 'close': 377.35}"
2021:06:18 11:14:12 IST +0530,705.05,25,"{'open': 355.4, 'high': 915.3, 'low': 279.55, 'close': 377.35}"
2021:06:18 11:14:12 IST +0530,705.95,25,"{'open': 355.4, 'high': 915.3, 'low': 279.55, 'close': 377.35}"
2021:06:18 11:14:13 IST +0530,705.95,25,"{'open': 355.4, 'high': 915.3, 'low': 279.55, 'close': 377.35}"
2021:06:18 11:14:14 IST +0530,705.95,25,"{'open': 355.4, 'high': 915.3, 'low': 279.55, 'close': 377.35}"
2021:06:18 11:14:14 IST +0530,705.95,25,"{'open': 355.4, 'high': 915.3, 'low': 279.55, 'close': 377.35}"
2021:06:18 11:14:15 IST +0530,702.3,25,"{'open': 355.4, 'high': 915.3, 'low': 279.55, 'close': 377.35}"
2021:06:18 11:14:15 IST +0530,703.0,25,"{'open': 355.4, 'high': 915.3, 'low': 279.55, 'close': 377.35}"
2021:06:18 11:14:16 IST +0530,703.0,25,"{'open': 355.4, 'high': 915.3, 'low': 279.55, 'close': 377.35}"
2021:06:18 11:14:17 IST +0530,704.7,25,"{'open': 355.4, 'high': 915.3, 'low': 279.55, 'close': 377.35}"
2021:06:18 11:14:17 IST +0530,704.7,25,"{'open': 355.4, 'high': 915.3, 'low': 279.55, 'close': 377.35}"
2021:06:18 11:14:18 IST +0530,704.7,25,"{'open': 355.4, 'high': 915.3, 'low': 279.55, 'close': 377.35}"
2021:06:18 11:14:18 IST +0530,704.7,25,"{'open': 355.4, 'high': 915.3, 'low': 279.55, 'close': 377.35}"
2021:06:18 11:14:19 IST +0530,704.7,25,"{'open': 355.4, 'high': 915.3, 'low': 279.55, 'close': 377.35}"
2021:06:18 11:14:20 IST +0530,704.7,25,"{'open': 355.4, 'high': 915.3, 'low': 279.55, 'close': 377.35}"
2021:06:18 11:14:21 IST +0530,702.95,25,"{'open': 355.4, 'high': 915.3, 'low': 279.55, 'close': 377.35}"
2021:06:18 11:14:22 IST +0530,702.95,25,"{'open': 355.4, 'high': 915.3, 'low': 279.55, 'close': 377.35}"
2021:06:18 11:14:22 IST +0530,702.0,25,"{'open': 355.4, 'high': 915.3, 'low': 279.55, 'close': 377.35}"
2021:06:18 11:14:23 IST +0530,700.0,25,"{'open': 355.4, 'high': 915.3, 'low': 279.55, 'close': 377.35}"
2021:06:18 11:14:23 IST +0530,700.0,25,"{'open': 355.4, 'high': 915.3, 'low': 279.55, 'close': 377.35}"
2021:06:18 11:14:24 IST +0530,700.05,25,"{'open': 355.4, 'high': 915.3, 'low': 279.55, 'close': 377.35}"
2021:06:18 11:14:24 IST +0530,700.05,25,"{'open': 355.4, 'high': 915.3, 'low': 279.55, 'close': 377.35}"
2021:06:18 11:14:25 IST +0530,700.05,25,"{'open': 355.4, 'high': 915.3, 'low': 279.55, 'close': 377.35}"
2021:06:18 11:14:26 IST +0530,700.0,25,"{'open': 355.4, 'high': 915.3, 'low': 279.55, 'close': 377.35}"
2021:06:18 11:14:26 IST +0530,700.0,25,"{'open': 355.4, 'high': 915.3, 'low': 279.55, 'close': 377.35}"
2021:06:18 11:14:27 IST +0530,700.3,50,"{'open': 355.4, 'high': 915.3, 'low': 279.55, 'close': 377.35}"
2021:06:18 11:14:28 IST +0530,700.0,25,"{'open': 355.4, 'high': 915.3, 'low': 279.55, 'close': 377.35}"
2021:06:18 11:14:29 IST +0530,700.0,25,"{'open': 355.4, 'high': 915.3, 'low': 279.55, 'close': 377.35}"
2021:06:18 11:14:30 IST +0530,700.05,25,"{'open': 355.4, 'high': 915.3, 'low': 279.55, 'close': 377.35}"
2021:06:18 11:14:30 IST +0530,700.3,25,"{'open': 355.4, 'high': 915.3, 'low': 279.55, 'close': 377.35}"
2021:06:18 11:14:31 IST +0530,700.3,25,"{'open': 355.4, 'high': 915.3, 'low': 279.55, 'close': 377.35}"
2021:06:18 11:14:32 IST +0530,700.3,25,"{'open': 355.4, 'high': 915.3, 'low': 279.55, 'close': 377.35}"
2021:06:18 11:14:32 IST +0530,700.3,25,"{'open': 355.4, 'high': 915.3, 'low': 279.55, 'close': 377.35}"
2021:06:18 11:14:33 IST +0530,691.0,25,"{'open': 355.4, 'high': 915.3, 'low': 279.55, 'close': 377.35}"
2021:06:18 11:14:33 IST +0530,693.75,25,"{'open': 355.4, 'high': 915.3, 'low': 279.55, 'close': 377.35}"
2021:06:18 11:14:34 IST +0530,691.2,25,"{'open': 355.4, 'high': 915.3, 'low': 279.55, 'close': 377.35}"
2021:06:18 11:14:35 IST +0530,692.5,25,"{'open': 355.4, 'high': 915.3, 'low': 279.55, 'close': 377.35}"
2021:06:18 11:14:35 IST +0530,692.5,25,"{'open': 355.4, 'high': 915.3, 'low': 279.55, 'close': 377.35}"
2021:06:18 11:14:36 IST +0530,692.5,25,"{'open': 355.4, 'high': 915.3, 'low': 279.55, 'close': 377.35}"
2021:06:18 11:14:36 IST +0530,692.5,25,"{'open': 355.4, 'high': 915.3, 'low': 279.55, 'close': 377.35}"
2021:06:18 11:14:37 IST +0530,697.1,25,"{'open': 355.4, 'high': 915.3, 'low': 279.55, 'close': 377.35}"
2021:06:18 11:14:38 IST +0530,697.1,25,"{'open': 355.4, 'high': 915.3, 'low': 279.55, 'close': 377.35}"
2021:06:18 11:14:38 IST +0530,697.1,25,"{'open': 355.4, 'high': 915.3, 'low': 279.55, 'close': 377.35}"
2021:06:18 11:14:39 IST +0530,697.1,25,"{'open': 355.4, 'high': 915.3, 'low': 279.55, 'close': 377.35}"
2021:06:18 11:14:39 IST +0530,694.45,25,"{'open': 355.4, 'high': 915.3, 'low': 279.55, 'close': 377.35}"
2021:06:18 11:14:40 IST +0530,694.45,25,"{'open': 355.4, 'high': 915.3, 'low': 279.55, 'close': 377.35}"
2021:06:18 11:14:41 IST +0530,694.45,25,"{'open': 355.4, 'high': 915.3, 'low': 279.55, 'close': 377.35}"
2021:06:18 11:14:42 IST +0530,694.45,25,"{'open': 355.4, 'high': 915.3, 'low': 279.55, 'close': 377.35}"
2021:06:18 11:14:42 IST +0530,694.45,25,"{'open': 355.4, 'high': 915.3, 'low': 279.55, 'close': 377.35}"
2021:06:18 11:14:43 IST +0530,690.6,25,"{'open': 355.4, 'high': 915.3, 'low': 279.55, 'close': 377.35}"
2021:06:18 11:14:44 IST +0530,690.6,25,"{'open': 355.4, 'high': 915.3, 'low': 279.55, 'close': 377.35}"
2021:06:18 11:14:44 IST +0530,689.45,25,"{'open': 355.4, 'high': 915.3, 'low': 279.55, 'close': 377.35}"
2021:06:18 11:14:45 IST +0530,688.75,25,"{'open': 355.4, 'high': 915.3, 'low': 279.55, 'close': 377.35}"
2021:06:18 11:14:46 IST +0530,688.75,25,"{'open': 355.4, 'high': 915.3, 'low': 279.55, 'close': 377.35}"
2021:06:18 11:14:47 IST +0530,688.75,25,"{'open': 355.4, 'high': 915.3, 'low': 279.55, 'close': 377.35}"
2021:06:18 11:14:47 IST +0530,695.4,125,"{'open': 355.4, 'high': 915.3, 'low': 279.55, 'close': 377.35}"
2021:06:18 11:14:48 IST +0530,694.6,25,"{'open': 355.4, 'high': 915.3, 'low': 279.55, 'close': 377.35}"
2021:06:18 11:14:48 IST +0530,694.55,25,"{'open': 355.4, 'high': 915.3, 'low': 279.55, 'close': 377.35}"
2021:06:18 11:14:49 IST +0530,694.55,25,"{'open': 355.4, 'high': 915.3, 'low': 279.55, 'close': 377.35}"
2021:06:18 11:14:50 IST +0530,692.05,25,"{'open': 355.4, 'high': 915.3, 'low': 279.55, 'close': 377.35}"
2021:06:18 11:14:50 IST +0530,692.05,25,"{'open': 355.4, 'high': 915.3, 'low': 279.55, 'close': 377.35}"
2021:06:18 11:14:51 IST +0530,688.75,25,"{'open': 355.4, 'high': 915.3, 'low': 279.55, 'close': 377.35}"
2021:06:18 11:14:51 IST +0530,694.3,25,"{'open': 355.4, 'high': 915.3, 'low': 279.55, 'close': 377.35}"
2021:06:18 11:14:52 IST +0530,701.55,25,"{'open': 355.4, 'high': 915.3, 'low': 279.55, 'close': 377.35}"
2021:06:18 11:14:53 IST +0530,700.2,25,"{'open': 355.4, 'high': 915.3, 'low': 279.55, 'close': 377.35}"
2021:06:18 11:14:53 IST +0530,700.2,25,"{'open': 355.4, 'high': 915.3, 'low': 279.55, 'close': 377.35}"
2021:06:18 11:14:54 IST +0530,700.2,25,"{'open': 355.4, 'high': 915.3, 'low': 279.55, 'close': 377.35}"
2021:06:18 11:14:54 IST +0530,700.2,25,"{'open': 355.4, 'high': 915.3, 'low': 279.55, 'close': 377.35}"
2021:06:18 11:14:55 IST +0530,700.2,25,"{'open': 355.4, 'high': 915.3, 'low': 279.55, 'close': 377.35}"
2021:06:18 11:14:56 IST +0530,700.2,25,"{'open': 355.4, 'high': 915.3, 'low': 279.55, 'close': 377.35}"
2021:06:18 11:14:56 IST +0530,708.25,25,"{'open': 355.4, 'high': 915.3, 'low': 279.55, 'close': 377.35}"
2021:06:18 11:14:57 IST +0530,706.1,50,"{'open': 355.4, 'high': 915.3, 'low': 279.55, 'close': 377.35}"
2021:06:18 11:14:58 IST +0530,704.25,25,"{'open': 355.4, 'high': 915.3, 'low': 279.55, 'close': 377.35}"
2021:06:18 11:14:59 IST +0530,703.85,25,"{'open': 355.4, 'high': 915.3, 'low': 279.55, 'close': 377.35}"
2021:06:18 11:14:59 IST +0530,703.85,25,"{'open': 355.4, 'high': 915.3, 'low': 279.55, 'close': 377.35}"
2021:06:18 11:15:00 IST +0530,699.3,25,"{'open': 355.4, 'high': 915.3, 'low': 279.55, 'close': 377.35}"
2021:06:18 11:15:00 IST +0530,699.3,25,"{'open': 355.4, 'high': 915.3, 'low': 279.55, 'close': 377.35}"
2021:06:18 11:15:01 IST +0530,699.3,25,"{'open': 355.4, 'high': 915.3, 'low': 279.55, 'close': 377.35}"
2021:06:18 11:15:02 IST +0530,698.5,50,"{'open': 355.4, 'high': 915.3, 'low': 279.55, 'close': 377.35}"
2021:06:18 11:15:02 IST +0530,704.9,50,"{'open': 355.4, 'high': 915.3, 'low': 279.55, 'close': 377.35}"
2021:06:18 11:15:03 IST +0530,706.0,75,"{'open': 355.4, 'high': 915.3, 'low': 279.55, 'close': 377.35}"
2021:06:18 11:15:03 IST +0530,706.0,75,"{'open': 355.4, 'high': 915.3, 'low': 279.55, 'close': 377.35}"
2021:06:18 11:15:04 IST +0530,706.0,75,"{'open': 355.4, 'high': 915.3, 'low': 279.55, 'close': 377.35}"
2021:06:18 11:15:05 IST +0530,702.2,25,"{'open': 355.4, 'high': 915.3, 'low': 279.55, 'close': 377.35}"
2021:06:18 11:15:05 IST +0530,702.2,25,"{'open': 355.4, 'high': 915.3, 'low': 279.55, 'close': 377.35}"
2021:06:18 11:15:06 IST +0530,705.4,25,"{'open': 355.4, 'high': 915.3, 'low': 279.55, 'close': 377.35}"
2021:06:18 11:15:06 IST +0530,705.4,25,"{'open': 355.4, 'high': 915.3, 'low': 279.55, 'close': 377.35}"
2021:06:18 11:15:07 IST +0530,710.0,25,"{'open': 355.4, 'high': 915.3, 'low': 279.55, 'close': 377.35}"
2021:06:18 11:15:08 IST +0530,710.0,25,"{'open': 355.4, 'high': 915.3, 'low': 279.55, 'close': 377.35}"
2021:06:18 11:15:08 IST +0530,710.0,25,"{'open': 355.4, 'high': 915.3, 'low': 279.55, 'close': 377.35}"
2021:06:18 11:15:09 IST +0530,714.95,50,"{'open': 355.4, 'high': 915.3, 'low': 279.55, 'close': 377.35}"
2021:06:18 11:15:09 IST +0530,710.1,25,"{'open': 355.4, 'high': 915.3, 'low': 279.55, 'close': 377.35}"
2021:06:18 11:15:10 IST +0530,710.1,25,"{'open': 355.4, 'high': 915.3, 'low': 279.55, 'close': 377.35}"
2021:06:18 11:15:11 IST +0530,707.5,25,"{'open': 355.4, 'high': 915.3, 'low': 279.55, 'close': 377.35}"
2021:06:18 11:15:11 IST +0530,707.5,25,"{'open': 355.4, 'high': 915.3, 'low': 279.55, 'close': 377.35}"
2021:06:18 11:15:12 IST +0530,700.8,50,"{'open': 355.4, 'high': 915.3, 'low': 279.55, 'close': 377.35}"
2021:06:18 11:15:12 IST +0530,705.15,175,"{'open': 355.4, 'high': 915.3, 'low': 279.55, 'close': 377.35}"
2021:06:18 11:15:13 IST +0530,705.2,25,"{'open': 355.4, 'high': 915.3, 'low': 279.55, 'close': 377.35}"
2021:06:18 11:15:14 IST +0530,704.75,25,"{'open': 355.4, 'high': 915.3, 'low': 279.55, 'close': 377.35}"
2021:06:18 11:15:14 IST +0530,704.75,25,"{'open': 355.4, 'high': 915.3, 'low': 279.55, 'close': 377.35}"
2021:06:18 11:15:15 IST +0530,704.0,25,"{'open': 355.4, 'high': 915.3, 'low': 279.55, 'close': 377.35}"
2021:06:18 11:15:15 IST +0530,704.6,25,"{'open': 355.4, 'high': 915.3, 'low': 279.55, 'close': 377.35}"
2021:06:18 11:15:16 IST +0530,704.65,100,"{'open': 355.4, 'high': 915.3, 'low': 279.55, 'close': 377.35}"
2021:06:18 11:15:17 IST +0530,705.2,50,"{'open': 355.4, 'high': 915.3, 'low': 279.55, 'close': 377.35}"
2021:06:18 11:15:18 IST +0530,710.0,25,"{'open': 355.4, 'high': 915.3, 'low': 279.55, 'close': 377.35}"
2021:06:18 11:15:18 IST +0530,708.0,25,"{'open': 355.4, 'high': 915.3, 'low': 279.55, 'close': 377.35}"
2021:06:18 11:15:18 IST +0530,708.0,25,"{'open': 355.4, 'high': 915.3, 'low': 279.55, 'close': 377.35}"
2021:06:18 11:15:19 IST +0530,710.05,25,"{'open': 355.4, 'high': 915.3, 'low': 279.55, 'close': 377.35}"
2021:06:18 11:15:20 IST +0530,710.05,25,"{'open': 355.4, 'high': 915.3, 'low': 279.55, 'close': 377.35}"
2021:06:18 11:15:20 IST +0530,710.05,25,"{'open': 355.4, 'high': 915.3, 'low': 279.55, 'close': 377.35}"
2021:06:18 11:15:21 IST +0530,712.0,25,"{'open': 355.4, 'high': 915.3, 'low': 279.55, 'close': 377.35}"
2021:06:18 11:15:21 IST +0530,712.0,25,"{'open': 355.4, 'high': 915.3, 'low': 279.55, 'close': 377.35}"
2021:06:18 11:15:22 IST +0530,714.95,25,"{'open': 355.4, 'high': 915.3, 'low': 279.55, 'close': 377.35}"
2021:06:18 11:15:23 IST +0530,711.35,25,"{'open': 355.4, 'high': 915.3, 'low': 279.55, 'close': 377.35}"
2021:06:18 11:15:23 IST +0530,711.35,25,"{'open': 355.4, 'high': 915.3, 'low': 279.55, 'close': 377.35}"
2021:06:18 11:15:24 IST +0530,711.35,25,"{'open': 355.4, 'high': 915.3, 'low': 279.55, 'close': 377.35}"
2021:06:18 11:15:24 IST +0530,708.4,50,"{'open': 355.4, 'high': 915.3, 'low': 279.55, 'close': 377.35}"
2021:06:18 11:15:25 IST +0530,708.4,50,"{'open': 355.4, 'high': 915.3, 'low': 279.55, 'close': 377.35}"
2021:06:18 11:15:26 IST +0530,708.4,50,"{'open': 355.4, 'high': 915.3, 'low': 279.55, 'close': 377.35}"
2021:06:18 11:15:26 IST +0530,705.25,50,"{'open': 355.4, 'high': 915.3, 'low': 279.55, 'close': 377.35}"
2021:06:18 11:15:27 IST +0530,705.25,50,"{'open': 355.4, 'high': 915.3, 'low': 279.55, 'close': 377.35}"
2021:06:18 11:15:27 IST +0530,705.25,50,"{'open': 355.4, 'high': 915.3, 'low': 279.55, 'close': 377.35}"
2021:06:18 11:15:28 IST +0530,705.25,50,"{'open': 355.4, 'high': 915.3, 'low': 279.55, 'close': 377.35}"
2021:06:18 11:15:29 IST +0530,705.25,50,"{'open': 355.4, 'high': 915.3, 'low': 279.55, 'close': 377.35}"
2021:06:18 11:15:29 IST +0530,705.25,50,"{'open': 355.4, 'high': 915.3, 'low': 279.55, 'close': 377.35}"
2021:06:18 11:15:30 IST +0530,709.4,25,"{'open': 355.4, 'high': 915.3, 'low': 279.55, 'close': 377.35}"
2021:06:18 11:15:30 IST +0530,709.4,25,"{'open': 355.4, 'high': 915.3, 'low': 279.55, 'close': 377.35}"
2021:06:18 11:15:31 IST +0530,709.4,25,"{'open': 355.4, 'high': 915.3, 'low': 279.55, 'close': 377.35}"
2021:06:18 11:15:32 IST +0530,709.95,25,"{'open': 355.4, 'high': 915.3, 'low': 279.55, 'close': 377.35}"
2021:06:18 11:15:32 IST +0530,709.95,25,"{'open': 355.4, 'high': 915.3, 'low': 279.55, 'close': 377.35}"
2021:06:18 11:15:33 IST +0530,709.95,25,"{'open': 355.4, 'high': 915.3, 'low': 279.55, 'close': 377.35}"
2021:06:18 11:15:33 IST +0530,709.95,25,"{'open': 355.4, 'high': 915.3, 'low': 279.55, 'close': 377.35}"
2021:06:18 11:15:34 IST +0530,709.95,25,"{'open': 355.4, 'high': 915.3, 'low': 279.55, 'close': 377.35}"
2021:06:18 11:15:35 IST +0530,709.95,25,"{'open': 355.4, 'high': 915.3, 'low': 279.55, 'close': 377.35}"
2021:06:18 11:15:35 IST +0530,709.65,25,"{'open': 355.4, 'high': 915.3, 'low': 279.55, 'close': 377.35}"
2021:06:18 11:15:36 IST +0530,705.0,25,"{'open': 355.4, 'high': 915.3, 'low': 279.55, 'close': 377.35}"
2021:06:18 11:15:36 IST +0530,705.0,25,"{'open': 355.4, 'high': 915.3, 'low': 279.55, 'close': 377.35}"
2021:06:18 11:15:37 IST +0530,705.0,25,"{'open': 355.4, 'high': 915.3, 'low': 279.55, 'close': 377.35}"
2021:06:18 11:15:38 IST +0530,700.0,325,"{'open': 355.4, 'high': 915.3, 'low': 279.55, 'close': 377.35}"
2021:06:18 11:15:39 IST +0530,696.5,25,"{'open': 355.4, 'high': 915.3, 'low': 279.55, 'close': 377.35}"
2021:06:18 11:15:39 IST +0530,696.5,25,"{'open': 355.4, 'high': 915.3, 'low': 279.55, 'close': 377.35}"
2021:06:18 11:15:39 IST +0530,696.5,25,"{'open': 355.4, 'high': 915.3, 'low': 279.55, 'close': 377.35}"
2021:06:18 11:15:40 IST +0530,696.5,25,"{'open': 355.4, 'high': 915.3, 'low': 279.55, 'close': 377.35}"
2021:06:18 11:15:41 IST +0530,696.5,25,"{'open': 355.4, 'high': 915.3, 'low': 279.55, 'close': 377.35}"
2021:06:18 11:15:41 IST +0530,696.5,25,"{'open': 355.4, 'high': 915.3, 'low': 279.55, 'close': 377.35}"
2021:06:18 11:15:42 IST +0530,696.5,25,"{'open': 355.4, 'high': 915.3, 'low': 279.55, 'close': 377.35}"
2021:06:18 11:15:42 IST +0530,696.5,25,"{'open': 355.4, 'high': 915.3, 'low': 279.55, 'close': 377.35}"
2021:06:18 11:15:43 IST +0530,699.0,25,"{'open': 355.4, 'high': 915.3, 'low': 279.55, 'close': 377.35}"
2021:06:18 11:15:44 IST +0530,699.0,25,"{'open': 355.4, 'high': 915.3, 'low': 279.55, 'close': 377.35}"
2021:06:18 11:15:44 IST +0530,699.0,25,"{'open': 355.4, 'high': 915.3, 'low': 279.55, 'close': 377.35}"
2021:06:18 11:15:45 IST +0530,699.0,25,"{'open': 355.4, 'high': 915.3, 'low': 279.55, 'close': 377.35}"
2021:06:18 11:15:45 IST +0530,699.0,25,"{'open': 355.4, 'high': 915.3, 'low': 279.55, 'close': 377.35}"
2021:06:18 11:15:46 IST +0530,699.0,25,"{'open': 355.4, 'high': 915.3, 'low': 279.55, 'close': 377.35}"
2021:06:18 11:15:47 IST +0530,699.0,25,"{'open': 355.4, 'high': 915.3, 'low': 279.55, 'close': 377.35}"
2021:06:18 11:15:47 IST +0530,699.0,25,"{'open': 355.4, 'high': 915.3, 'low': 279.55, 'close': 377.35}"
2021:06:18 11:15:48 IST +0530,699.0,25,"{'open': 355.4, 'high': 915.3, 'low': 279.55, 'close': 377.35}"
2021:06:18 11:15:48 IST +0530,689.05,50,"{'open': 355.4, 'high': 915.3, 'low': 279.55, 'close': 377.35}"
2021:06:18 11:15:49 IST +0530,691.45,50,"{'open': 355.4, 'high': 915.3, 'low': 279.55, 'close': 377.35}"
2021:06:18 11:15:50 IST +0530,686.1,25,"{'open': 355.4, 'high': 915.3, 'low': 279.55, 'close': 377.35}"
2021:06:18 11:15:50 IST +0530,685.0,25,"{'open': 355.4, 'high': 915.3, 'low': 279.55, 'close': 377.35}"
2021:06:18 11:15:51 IST +0530,685.35,25,"{'open': 355.4, 'high': 915.3, 'low': 279.55, 'close': 377.35}"
2021:06:18 11:15:51 IST +0530,685.35,25,"{'open': 355.4, 'high': 915.3, 'low': 279.55, 'close': 377.35}"
2021:06:18 11:15:52 IST +0530,688.95,25,"{'open': 355.4, 'high': 915.3, 'low': 279.55, 'close': 377.35}"
2021:06:18 11:15:53 IST +0530,688.95,25,"{'open': 355.4, 'high': 915.3, 'low': 279.55, 'close': 377.35}"
2021:06:18 11:15:53 IST +0530,686.05,25,"{'open': 355.4, 'high': 915.3, 'low': 279.55, 'close': 377.35}"
2021:06:18 11:15:54 IST +0530,684.2,25,"{'open': 355.4, 'high': 915.3, 'low': 279.55, 'close': 377.35}"
2021:06:18 11:15:54 IST +0530,684.2,25,"{'open': 355.4, 'high': 915.3, 'low': 279.55, 'close': 377.35}"
2021:06:18 11:15:55 IST +0530,690.15,25,"{'open': 355.4, 'high': 915.3, 'low': 279.55, 'close': 377.35}"
2021:06:18 11:15:56 IST +0530,690.15,25,"{'open': 355.4, 'high': 915.3, 'low': 279.55, 'close': 377.35}"
2021:06:18 11:15:56 IST +0530,690.15,25,"{'open': 355.4, 'high': 915.3, 'low': 279.55, 'close': 377.35}"
2021:06:18 11:15:57 IST +0530,690.15,25,"{'open': 355.4, 'high': 915.3, 'low': 279.55, 'close': 377.35}"
2021:06:18 11:15:57 IST +0530,700.4,25,"{'open': 355.4, 'high': 915.3, 'low': 279.55, 'close': 377.35}"
2021:06:18 11:15:58 IST +0530,700.4,25,"{'open': 355.4, 'high': 915.3, 'low': 279.55, 'close': 377.35}"
2021:06:18 11:15:59 IST +0530,700.4,25,"{'open': 355.4, 'high': 915.3, 'low': 279.55, 'close': 377.35}"
2021:06:18 11:15:59 IST +0530,690.2,25,"{'open': 355.4, 'high': 915.3, 'low': 279.55, 'close': 377.35}"
2021:06:18 11:16:00 IST +0530,690.2,25,"{'open': 355.4, 'high': 915.3, 'low': 279.55, 'close': 377.35}"
2021:06:18 11:16:00 IST +0530,690.2,25,"{'open': 355.4, 'high': 915.3, 'low': 279.55, 'close': 377.35}"
2021:06:18 11:16:01 IST +0530,690.2,25,"{'open': 355.4, 'high': 915.3, 'low': 279.55, 'close': 377.35}"
2021:06:18 11:16:02 IST +0530,690.2,25,"{'open': 355.4, 'high': 915.3, 'low': 279.55, 'close': 377.35}"
2021:06:18 11:16:03 IST +0530,690.2,25,"{'open': 355.4, 'high': 915.3, 'low': 279.55, 'close': 377.35}"
2021:06:18 11:16:03 IST +0530,690.2,25,"{'open': 355.4, 'high': 915.3, 'low': 279.55, 'close': 377.35}"
2021:06:18 11:16:04 IST +0530,690.2,25,"{'open': 355.4, 'high': 915.3, 'low': 279.55, 'close': 377.35}"
2021:06:18 11:16:05 IST +0530,690.2,25,"{'open': 355.4, 'high': 915.3, 'low': 279.55, 'close': 377.35}"
2021:06:18 11:16:05 IST +0530,690.2,25,"{'open': 355.4, 'high': 915.3, 'low': 279.55, 'close': 377.35}"
2021:06:18 11:16:06 IST +0530,686.1,25,"{'open': 355.4, 'high': 915.3, 'low': 279.55, 'close': 377.35}"
2021:06:18 11:16:06 IST +0530,686.1,25,"{'open': 355.4, 'high': 915.3, 'low': 279.55, 'close': 377.35}"
2021:06:18 11:16:07 IST +0530,686.1,25,"{'open': 355.4, 'high': 915.3, 'low': 279.55, 'close': 377.35}"
2021:06:18 11:16:08 IST +0530,690.15,25,"{'open': 355.4, 'high': 915.3, 'low': 279.55, 'close': 377.35}"
2021:06:18 11:16:08 IST +0530,690.15,25,"{'open': 355.4, 'high': 915.3, 'low': 279.55, 'close': 377.35}"
2021:06:18 11:16:09 IST +0530,690.15,25,"{'open': 355.4, 'high': 915.3, 'low': 279.55, 'close': 377.35}"
2021:06:18 11:16:09 IST +0530,700.05,25,"{'open': 355.4, 'high': 915.3, 'low': 279.55, 'close': 377.35}"
2021:06:18 11:16:10 IST +0530,697.0,25,"{'open': 355.4, 'high': 915.3, 'low': 279.55, 'close': 377.35}"
2021:06:18 11:16:11 IST +0530,697.0,25,"{'open': 355.4, 'high': 915.3, 'low': 279.55, 'close': 377.35}"
2021:06:18 11:16:11 IST +0530,697.0,25,"{'open': 355.4, 'high': 915.3, 'low': 279.55, 'close': 377.35}"
2021:06:18 11:16:12 IST +0530,697.0,25,"{'open': 355.4, 'high': 915.3, 'low': 279.55, 'close': 377.35}"
2021:06:18 11:16:12 IST +0530,697.0,25,"{'open': 355.4, 'high': 915.3, 'low': 279.55, 'close': 377.35}"
2021:06:18 11:16:13 IST +0530,697.0,25,"{'open': 355.4, 'high': 915.3, 'low': 279.55, 'close': 377.35}"
2021:06:18 11:16:14 IST +0530,697.0,25,"{'open': 355.4, 'high': 915.3, 'low': 279.55, 'close': 377.35}"
2021:06:18 11:16:14 IST +0530,697.0,25,"{'open': 355.4, 'high': 915.3, 'low': 279.55, 'close': 377.35}"
2021:06:18 11:16:15 IST +0530,697.0,25,"{'open': 355.4, 'high': 915.3, 'low': 279.55, 'close': 377.35}"
2021:06:18 11:16:15 IST +0530,692.05,25,"{'open': 355.4, 'high': 915.3, 'low': 279.55, 'close': 377.35}"
2021:06:18 11:16:16 IST +0530,692.05,25,"{'open': 355.4, 'high': 915.3, 'low': 279.55, 'close': 377.35}"
2021:06:18 11:16:17 IST +0530,692.05,25,"{'open': 355.4, 'high': 915.3, 'low': 279.55, 'close': 377.35}"
2021:06:18 11:16:18 IST +0530,692.05,25,"{'open': 355.4, 'high': 915.3, 'low': 279.55, 'close': 377.35}"
2021:06:18 11:16:19 IST +0530,694.35,50,"{'open': 355.4, 'high': 915.3, 'low': 279.55, 'close': 377.35}"
2021:06:18 11:16:20 IST +0530,694.35,75,"{'open': 355.4, 'high': 915.3, 'low': 279.55, 'close': 377.35}"
2021:06:18 11:16:20 IST +0530,694.35,75,"{'open': 355.4, 'high': 915.3, 'low': 279.55, 'close': 377.35}"
2021:06:18 11:16:21 IST +0530,701.25,25,"{'open': 355.4, 'high': 915.3, 'low': 279.55, 'close': 377.35}"
2021:06:18 11:16:21 IST +0530,701.25,25,"{'open': 355.4, 'high': 915.3, 'low': 279.55, 'close': 377.35}"
2021:06:18 11:16:22 IST +0530,701.25,25,"{'open': 355.4, 'high': 915.3, 'low': 279.55, 'close': 377.35}"
2021:06:18 11:16:23 IST +0530,701.25,25,"{'open': 355.4, 'high': 915.3, 'low': 279.55, 'close': 377.35}"
2021:06:18 11:16:23 IST +0530,701.25,25,"{'open': 355.4, 'high': 915.3, 'low': 279.55, 'close': 377.35}"
2021:06:18 11:16:24 IST +0530,701.25,25,"{'open': 355.4, 'high': 915.3, 'low': 279.55, 'close': 377.35}"
2021:06:18 11:16:24 IST +0530,700.9,25,"{'open': 355.4, 'high': 915.3, 'low': 279.55, 'close': 377.35}"
2021:06:18 11:16:25 IST +0530,705.0,50,"{'open': 355.4, 'high': 915.3, 'low': 279.55, 'close': 377.35}"
2021:06:18 11:16:26 IST +0530,705.0,50,"{'open': 355.4, 'high': 915.3, 'low': 279.55, 'close': 377.35}"
2021:06:18 11:16:26 IST +0530,706.0,25,"{'open': 355.4, 'high': 915.3, 'low': 279.55, 'close': 377.35}"
2021:06:18 11:16:27 IST +0530,707.25,25,"{'open': 355.4, 'high': 915.3, 'low': 279.55, 'close': 377.35}"
2021:06:18 11:16:27 IST +0530,708.75,25,"{'open': 355.4, 'high': 915.3, 'low': 279.55, 'close': 377.35}"
2021:06:18 11:16:28 IST +0530,704.6,25,"{'open': 355.4, 'high': 915.3, 'low': 279.55, 'close': 377.35}"
2021:06:18 11:16:29 IST +0530,704.6,25,"{'open': 355.4, 'high': 915.3, 'low': 279.55, 'close': 377.35}"
2021:06:18 11:16:29 IST +0530,703.95,75,"{'open': 355.4, 'high': 915.3, 'low': 279.55, 'close': 377.35}"
2021:06:18 11:16:30 IST +0530,703.95,75,"{'open': 355.4, 'high': 915.3, 'low': 279.55, 'close': 377.35}"
2021:06:18 11:16:30 IST +0530,703.95,75,"{'open': 355.4, 'high': 915.3, 'low': 279.55, 'close': 377.35}"
2021:06:18 11:16:31 IST +0530,704.85,25,"{'open': 355.4, 'high': 915.3, 'low': 279.55, 'close': 377.35}"
2021:06:18 11:16:32 IST +0530,704.85,25,"{'open': 355.4, 'high': 915.3, 'low': 279.55, 'close': 377.35}"
2021:06:18 11:16:32 IST +0530,701.45,25,"{'open': 355.4, 'high': 915.3, 'low': 279.55, 'close': 377.35}"
2021:06:18 11:16:33 IST +0530,703.3,25,"{'open': 355.4, 'high': 915.3, 'low': 279.55, 'close': 377.35}"
2021:06:18 11:16:33 IST +0530,703.3,25,"{'open': 355.4, 'high': 915.3, 'low': 279.55, 'close': 377.35}"
2021:06:18 11:16:34 IST +0530,703.3,25,"{'open': 355.4, 'high': 915.3, 'low': 279.55, 'close': 377.35}"
2021:06:18 11:16:35 IST +0530,703.3,25,"{'open': 355.4, 'high': 915.3, 'low': 279.55, 'close': 377.35}"
2021:06:18 11:16:36 IST +0530,708.0,25,"{'open': 355.4, 'high': 915.3, 'low': 279.55, 'close': 377.35}"
2021:06:18 11:16:36 IST +0530,708.0,25,"{'open': 355.4, 'high': 915.3, 'low': 279.55, 'close': 377.35}"
2021:06:18 11:16:37 IST +0530,708.0,25,"{'open': 355.4, 'high': 915.3, 'low': 279.55, 'close': 377.35}"
2021:06:18 11:16:38 IST +0530,708.0,25,"{'open': 355.4, 'high': 915.3, 'low': 279.55, 'close': 377.35}"
2021:06:18 11:16:38 IST +0530,708.0,25,"{'open': 355.4, 'high': 915.3, 'low': 279.55, 'close': 377.35}"
2021:06:18 11:16:39 IST +0530,708.0,25,"{'open': 355.4, 'high': 915.3, 'low': 279.55, 'close': 377.35}"
2021:06:18 11:16:39 IST +0530,704.0,25,"{'open': 355.4, 'high': 915.3, 'low': 279.55, 'close': 377.35}"
2021:06:18 11:16:40 IST +0530,704.25,25,"{'open': 355.4, 'high': 915.3, 'low': 279.55, 'close': 377.35}"
2021:06:18 11:16:41 IST +0530,704.25,25,"{'open': 355.4, 'high': 915.3, 'low': 279.55, 'close': 377.35}"
2021:06:18 11:16:41 IST +0530,704.25,25,"{'open': 355.4, 'high': 915.3, 'low': 279.55, 'close': 377.35}"
2021:06:18 11:16:42 IST +0530,704.25,25,"{'open': 355.4, 'high': 915.3, 'low': 279.55, 'close': 377.35}"
2021:06:18 11:16:42 IST +0530,704.25,25,"{'open': 355.4, 'high': 915.3, 'low': 279.55, 'close': 377.35}"
2021:06:18 11:16:44 IST +0530,707.5,25,"{'open': 355.4, 'high': 915.3, 'low': 279.55, 'close': 377.35}"
2021:06:18 11:16:44 IST +0530,709.85,25,"{'open': 355.4, 'high': 915.3, 'low': 279.55, 'close': 377.35}"
2021:06:18 11:16:45 IST +0530,709.85,25,"{'open': 355.4, 'high': 915.3, 'low': 279.55, 'close': 377.35}"
2021:06:18 11:16:45 IST +0530,707.6,25,"{'open': 355.4, 'high': 915.3, 'low': 279.55, 'close': 377.35}"
2021:06:18 11:16:46 IST +0530,707.6,25,"{'open': 355.4, 'high': 915.3, 'low': 279.55, 'close': 377.35}"
2021:06:18 11:16:47 IST +0530,707.6,25,"{'open': 355.4, 'high': 915.3, 'low': 279.55, 'close': 377.35}"
2021:06:18 11:16:48 IST +0530,710.0,25,"{'open': 355.4, 'high': 915.3, 'low': 279.55, 'close': 377.35}"
2021:06:18 11:16:48 IST +0530,710.0,25,"{'open': 355.4, 'high': 915.3, 'low': 279.55, 'close': 377.35}"
2021:06:18 11:16:48 IST +0530,712.0,25,"{'open': 355.4, 'high': 915.3, 'low': 279.55, 'close': 377.35}"
2021:06:18 11:16:49 IST +0530,712.0,25,"{'open': 355.4, 'high': 915.3, 'low': 279.55, 'close': 377.35}"
2021:06:18 11:16:50 IST +0530,712.0,25,"{'open': 355.4, 'high': 915.3, 'low': 279.55, 'close': 377.35}"
2021:06:18 11:16:50 IST +0530,717.95,25,"{'open': 355.4, 'high': 915.3, 'low': 279.55, 'close': 377.35}"
2021:06:18 11:16:51 IST +0530,723.6,25,"{'open': 355.4, 'high': 915.3, 'low': 279.55, 'close': 377.35}"
2021:06:18 11:16:51 IST +0530,723.6,25,"{'open': 355.4, 'high': 915.3, 'low': 279.55, 'close': 377.35}"
2021:06:18 11:16:53 IST +0530,718.65,25,"{'open': 355.4, 'high': 915.3, 'low': 279.55, 'close': 377.35}"
2021:06:18 11:16:53 IST +0530,717.95,25,"{'open': 355.4, 'high': 915.3, 'low': 279.55, 'close': 377.35}"
2021:06:18 11:16:54 IST +0530,717.95,25,"{'open': 355.4, 'high': 915.3, 'low': 279.55, 'close': 377.35}"
2021:06:18 11:16:54 IST +0530,709.65,25,"{'open': 355.4, 'high': 915.3, 'low': 279.55, 'close': 377.35}"
2021:06:18 11:16:55 IST +0530,709.65,25,"{'open': 355.4, 'high': 915.3, 'low': 279.55, 'close': 377.35}"
2021:06:18 11:16:56 IST +0530,709.65,25,"{'open': 355.4, 'high': 915.3, 'low': 279.55, 'close': 377.35}"
2021:06:18 11:16:57 IST +0530,709.65,25,"{'open': 355.4, 'high': 915.3, 'low': 279.55, 'close': 377.35}"
2021:06:18 11:16:57 IST +0530,709.65,25,"{'open': 355.4, 'high': 915.3, 'low': 279.55, 'close': 377.35}"
2021:06:18 11:16:58 IST +0530,707.9,25,"{'open': 355.4, 'high': 915.3, 'low': 279.55, 'close': 377.35}"
2021:06:18 11:16:59 IST +0530,707.9,25,"{'open': 355.4, 'high': 915.3, 'low': 279.55, 'close': 377.35}"
2021:06:18 11:16:59 IST +0530,707.9,25,"{'open': 355.4, 'high': 915.3, 'low': 279.55, 'close': 377.35}"
2021:06:18 11:17:00 IST +0530,709.4,25,"{'open': 355.4, 'high': 915.3, 'low': 279.55, 'close': 377.35}"
2021:06:18 11:17:00 IST +0530,709.4,25,"{'open': 355.4, 'high': 915.3, 'low': 279.55, 'close': 377.35}"
2021:06:18 11:17:01 IST +0530,704.8,25,"{'open': 355.4, 'high': 915.3, 'low': 279.55, 'close': 377.35}"
2021:06:18 11:17:02 IST +0530,708.0,25,"{'open': 355.4, 'high': 915.3, 'low': 279.55, 'close': 377.35}"
2021:06:18 11:17:03 IST +0530,703.15,25,"{'open': 355.4, 'high': 915.3, 'low': 279.55, 'close': 377.35}"
2021:06:18 11:17:03 IST +0530,703.15,25,"{'open': 355.4, 'high': 915.3, 'low': 279.55, 'close': 377.35}"
2021:06:18 11:17:04 IST +0530,703.15,25,"{'open': 355.4, 'high': 915.3, 'low': 279.55, 'close': 377.35}"
2021:06:18 11:17:05 IST +0530,703.15,25,"{'open': 355.4, 'high': 915.3, 'low': 279.55, 'close': 377.35}"
2021:06:18 11:17:05 IST +0530,700.0,75,"{'open': 355.4, 'high': 915.3, 'low': 279.55, 'close': 377.35}"
2021:06:18 11:17:06 IST +0530,699.6,50,"{'open': 355.4, 'high': 915.3, 'low': 279.55, 'close': 377.35}"
2021:06:18 11:17:06 IST +0530,699.6,50,"{'open': 355.4, 'high': 915.3, 'low': 279.55, 'close': 377.35}"
2021:06:18 11:17:07 IST +0530,699.6,50,"{'open': 355.4, 'high': 915.3, 'low': 279.55, 'close': 377.35}"
2021:06:18 11:17:08 IST +0530,702.4,25,"{'open': 355.4, 'high': 915.3, 'low': 279.55, 'close': 377.35}"
2021:06:18 11:17:08 IST +0530,702.4,25,"{'open': 355.4, 'high': 915.3, 'low': 279.55, 'close': 377.35}"
2021:06:18 11:17:09 IST +0530,702.4,25,"{'open': 355.4, 'high': 915.3, 'low': 279.55, 'close': 377.35}"
2021:06:18 11:17:09 IST +0530,702.4,25,"{'open': 355.4, 'high': 915.3, 'low': 279.55, 'close': 377.35}"
2021:06:18 11:17:10 IST +0530,704.8,50,"{'open': 355.4, 'high': 915.3, 'low': 279.55, 'close': 377.35}"
2021:06:18 11:17:11 IST +0530,704.8,50,"{'open': 355.4, 'high': 915.3, 'low': 279.55, 'close': 377.35}"
2021:06:18 11:17:11 IST +0530,704.8,50,"{'open': 355.4, 'high': 915.3, 'low': 279.55, 'close': 377.35}"
2021:06:18 11:17:12 IST +0530,704.8,50,"{'open': 355.4, 'high': 915.3, 'low': 279.55, 'close': 377.35}"
2021:06:18 11:17:12 IST +0530,704.8,50,"{'open': 355.4, 'high': 915.3, 'low': 279.55, 'close': 377.35}"
2021:06:18 11:17:14 IST +0530,704.8,50,"{'open': 355.4, 'high': 915.3, 'low': 279.55, 'close': 377.35}"
2021:06:18 11:17:14 IST +0530,696.2,25,"{'open': 355.4, 'high': 915.3, 'low': 279.55, 'close': 377.35}"
2021:06:18 11:17:15 IST +0530,696.2,25,"{'open': 355.4, 'high': 915.3, 'low': 279.55, 'close': 377.35}"
2021:06:18 11:17:15 IST +0530,696.2,25,"{'open': 355.4, 'high': 915.3, 'low': 279.55, 'close': 377.35}"
2021:06:18 11:17:16 IST +0530,698.0,50,"{'open': 355.4, 'high': 915.3, 'low': 279.55, 'close': 377.35}"
2021:06:18 11:17:17 IST +0530,698.0,50,"{'open': 355.4, 'high': 915.3, 'low': 279.55, 'close': 377.35}"
2021:06:18 11:17:17 IST +0530,698.0,50,"{'open': 355.4, 'high': 915.3, 'low': 279.55, 'close': 377.35}"
2021:06:18 11:17:18 IST +0530,695.0,25,"{'open': 355.4, 'high': 915.3, 'low': 279.55, 'close': 377.35}"
2021:06:18 11:17:18 IST +0530,695.0,25,"{'open': 355.4, 'high': 915.3, 'low': 279.55, 'close': 377.35}"
2021:06:18 11:17:19 IST +0530,695.8,25,"{'open': 355.4, 'high': 915.3, 'low': 279.55, 'close': 377.35}"
2021:06:18 11:17:20 IST +0530,696.2,25,"{'open': 355.4, 'high': 915.3, 'low': 279.55, 'close': 377.35}"
2021:06:18 11:17:20 IST +0530,696.2,25,"{'open': 355.4, 'high': 915.3, 'low': 279.55, 'close': 377.35}"
2021:06:18 11:17:21 IST +0530,696.2,25,"{'open': 355.4, 'high': 915.3, 'low': 279.55, 'close': 377.35}"
2021:06:18 11:17:21 IST +0530,698.55,25,"{'open': 355.4, 'high': 915.3, 'low': 279.55, 'close': 377.35}"
2021:06:18 11:17:22 IST +0530,698.2,25,"{'open': 355.4, 'high': 915.3, 'low': 279.55, 'close': 377.35}"
2021:06:18 11:17:23 IST +0530,698.2,25,"{'open': 355.4, 'high': 915.3, 'low': 279.55, 'close': 377.35}"
2021:06:18 11:17:23 IST +0530,696.0,25,"{'open': 355.4, 'high': 915.3, 'low': 279.55, 'close': 377.35}"
2021:06:18 11:17:24 IST +0530,696.0,25,"{'open': 355.4, 'high': 915.3, 'low': 279.55, 'close': 377.35}"
2021:06:18 11:17:24 IST +0530,694.45,25,"{'open': 355.4, 'high': 915.3, 'low': 279.55, 'close': 377.35}"
2021:06:18 11:17:25 IST +0530,693.35,25,"{'open': 355.4, 'high': 915.3, 'low': 279.55, 'close': 377.35}"
2021:06:18 11:17:26 IST +0530,693.35,25,"{'open': 355.4, 'high': 915.3, 'low': 279.55, 'close': 377.35}"
2021:06:18 11:17:26 IST +0530,693.35,25,"{'open': 355.4, 'high': 915.3, 'low': 279.55, 'close': 377.35}"
2021:06:18 11:17:27 IST +0530,693.35,25,"{'open': 355.4, 'high': 915.3, 'low': 279.55, 'close': 377.35}"
2021:06:18 11:17:27 IST +0530,690.6,25,"{'open': 355.4, 'high': 915.3, 'low': 279.55, 'close': 377.35}"
2021:06:18 11:17:28 IST +0530,690.6,25,"{'open': 355.4, 'high': 915.3, 'low': 279.55, 'close': 377.35}"
2021:06:18 11:17:29 IST +0530,690.6,25,"{'open': 355.4, 'high': 915.3, 'low': 279.55, 'close': 377.35}"
2021:06:18 11:17:29 IST +0530,685.0,25,"{'open': 355.4, 'high': 915.3, 'low': 279.55, 'close': 377.35}"
2021:06:18 11:17:30 IST +0530,685.0,25,"{'open': 355.4, 'high': 915.3, 'low': 279.55, 'close': 377.35}"
2021:06:18 11:17:30 IST +0530,685.0,25,"{'open': 355.4, 'high': 915.3, 'low': 279.55, 'close': 377.35}"
2021:06:18 11:17:31 IST +0530,685.0,25,"{'open': 355.4, 'high': 915.3, 'low': 279.55, 'close': 377.35}"
2021:06:18 11:17:32 IST +0530,685.0,25,"{'open': 355.4, 'high': 915.3, 'low': 279.55, 'close': 377.35}"
2021:06:18 11:17:32 IST +0530,688.2,25,"{'open': 355.4, 'high': 915.3, 'low': 279.55, 'close': 377.35}"
2021:06:18 11:17:33 IST +0530,688.2,25,"{'open': 355.4, 'high': 915.3, 'low': 279.55, 'close': 377.35}"
2021:06:18 11:17:33 IST +0530,688.2,25,"{'open': 355.4, 'high': 915.3, 'low': 279.55, 'close': 377.35}"
2021:06:18 11:17:34 IST +0530,688.2,25,"{'open': 355.4, 'high': 915.3, 'low': 279.55, 'close': 377.35}"
2021:06:18 11:17:35 IST +0530,685.15,25,"{'open': 355.4, 'high': 915.3, 'low': 279.55, 'close': 377.35}"
2021:06:18 11:17:35 IST +0530,690.95,25,"{'open': 355.4, 'high': 915.3, 'low': 279.55, 'close': 377.35}"
2021:06:18 11:17:36 IST +0530,690.95,25,"{'open': 355.4, 'high': 915.3, 'low': 279.55, 'close': 377.35}"
2021:06:18 11:17:36 IST +0530,692.4,25,"{'open': 355.4, 'high': 915.3, 'low': 279.55, 'close': 377.35}"
2021:06:18 11:17:37 IST +0530,692.2,25,"{'open': 355.4, 'high': 915.3, 'low': 279.55, 'close': 377.35}"
2021:06:18 11:17:38 IST +0530,692.2,25,"{'open': 355.4, 'high': 915.3, 'low': 279.55, 'close': 377.35}"
2021:06:18 11:17:38 IST +0530,692.2,25,"{'open': 355.4, 'high': 915.3, 'low': 279.55, 'close': 377.35}"
2021:06:18 11:17:39 IST +0530,692.2,25,"{'open': 355.4, 'high': 915.3, 'low': 279.55, 'close': 377.35}"
2021:06:18 11:17:39 IST +0530,685.5,25,"{'open': 355.4, 'high': 915.3, 'low': 279.55, 'close': 377.35}"
2021:06:18 11:17:40 IST +0530,685.5,25,"{'open': 355.4, 'high': 915.3, 'low': 279.55, 'close': 377.35}"
2021:06:18 11:17:41 IST +0530,685.5,25,"{'open': 355.4, 'high': 915.3, 'low': 279.55, 'close': 377.35}"
2021:06:18 11:17:41 IST +0530,688.1,25,"{'open': 355.4, 'high': 915.3, 'low': 279.55, 'close': 377.35}"
2021:06:18 11:17:42 IST +0530,688.1,25,"{'open': 355.4, 'high': 915.3, 'low': 279.55, 'close': 377.35}"
2021:06:18 11:17:42 IST +0530,688.1,25,"{'open': 355.4, 'high': 915.3, 'low': 279.55, 'close': 377.35}"
2021:06:18 11:17:43 IST +0530,688.1,25,"{'open': 355.4, 'high': 915.3, 'low': 279.55, 'close': 377.35}"
2021:06:18 11:17:44 IST +0530,688.1,25,"{'open': 355.4, 'high': 915.3, 'low': 279.55, 'close': 377.35}"
2021:06:18 11:17:45 IST +0530,688.1,25,"{'open': 355.4, 'high': 915.3, 'low': 279.55, 'close': 377.35}"
2021:06:18 11:17:45 IST +0530,688.1,25,"{'open': 355.4, 'high': 915.3, 'low': 279.55, 'close': 377.35}"
2021:06:18 11:17:46 IST +0530,688.1,25,"{'open': 355.4, 'high': 915.3, 'low': 279.55, 'close': 377.35}"
2021:06:18 11:17:47 IST +0530,686.85,25,"{'open': 355.4, 'high': 915.3, 'low': 279.55, 'close': 377.35}"
2021:06:18 11:17:47 IST +0530,686.85,25,"{'open': 355.4, 'high': 915.3, 'low': 279.55, 'close': 377.35}"
2021:06:18 11:17:48 IST +0530,680.0,25,"{'open': 355.4, 'high': 915.3, 'low': 279.55, 'close': 377.35}"
2021:06:18 11:17:48 IST +0530,682.4,25,"{'open': 355.4, 'high': 915.3, 'low': 279.55, 'close': 377.35}"
2021:06:18 11:17:49 IST +0530,680.0,25,"{'open': 355.4, 'high': 915.3, 'low': 279.55, 'close': 377.35}"
2021:06:18 11:17:50 IST +0530,685.85,25,"{'open': 355.4, 'high': 915.3, 'low': 279.55, 'close': 377.35}"
2021:06:18 11:17:50 IST +0530,685.85,25,"{'open': 355.4, 'high': 915.3, 'low': 279.55, 'close': 377.35}"
2021:06:18 11:17:51 IST +0530,685.85,25,"{'open': 355.4, 'high': 915.3, 'low': 279.55, 'close': 377.35}"
2021:06:18 11:17:51 IST +0530,685.85,25,"{'open': 355.4, 'high': 915.3, 'low': 279.55, 'close': 377.35}"
2021:06:18 11:17:52 IST +0530,685.85,25,"{'open': 355.4, 'high': 915.3, 'low': 279.55, 'close': 377.35}"
2021:06:18 11:17:53 IST +0530,685.85,25,"{'open': 355.4, 'high': 915.3, 'low': 279.55, 'close': 377.35}"
2021:06:18 11:17:53 IST +0530,680.4,25,"{'open': 355.4, 'high': 915.3, 'low': 279.55, 'close': 377.35}"
2021:06:18 11:17:54 IST +0530,685.95,25,"{'open': 355.4, 'high': 915.3, 'low': 279.55, 'close': 377.35}"
2021:06:18 11:17:55 IST +0530,679.05,25,"{'open': 355.4, 'high': 915.3, 'low': 279.55, 'close': 377.35}"
2021:06:18 11:17:56 IST +0530,676.3,25,"{'open': 355.4, 'high': 915.3, 'low': 279.55, 'close': 377.35}"
2021:06:18 11:17:56 IST +0530,676.3,25,"{'open': 355.4, 'high': 915.3, 'low': 279.55, 'close': 377.35}"
2021:06:18 11:17:57 IST +0530,678.6,25,"{'open': 355.4, 'high': 915.3, 'low': 279.55, 'close': 377.35}"
2021:06:18 11:17:57 IST +0530,678.6,25,"{'open': 355.4, 'high': 915.3, 'low': 279.55, 'close': 377.35}"
2021:06:18 11:17:58 IST +0530,677.35,25,"{'open': 355.4, 'high': 915.3, 'low': 279.55, 'close': 377.35}"
2021:06:18 11:17:59 IST +0530,677.35,25,"{'open': 355.4, 'high': 915.3, 'low': 279.55, 'close': 377.35}"
2021:06:18 11:17:59 IST +0530,678.6,50,"{'open': 355.4, 'high': 915.3, 'low': 279.55, 'close': 377.35}"
2021:06:18 11:18:00 IST +0530,678.6,50,"{'open': 355.4, 'high': 915.3, 'low': 279.55, 'close': 377.35}"
2021:06:18 11:18:00 IST +0530,677.6,25,"{'open': 355.4, 'high': 915.3, 'low': 279.55, 'close': 377.35}"
2021:06:18 11:18:01 IST +0530,673.55,25,"{'open': 355.4, 'high': 915.3, 'low': 279.55, 'close': 377.35}"
2021:06:18 11:18:02 IST +0530,673.55,25,"{'open': 355.4, 'high': 915.3, 'low': 279.55, 'close': 377.35}"
2021:06:18 11:18:02 IST +0530,673.55,25,"{'open': 355.4, 'high': 915.3, 'low': 279.55, 'close': 377.35}"
2021:06:18 11:18:03 IST +0530,676.05,25,"{'open': 355.4, 'high': 915.3, 'low': 279.55, 'close': 377.35}"
2021:06:18 11:18:03 IST +0530,681.35,25,"{'open': 355.4, 'high': 915.3, 'low': 279.55, 'close': 377.35}"
2021:06:18 11:18:04 IST +0530,681.35,25,"{'open': 355.4, 'high': 915.3, 'low': 279.55, 'close': 377.35}"
2021:06:18 11:18:05 IST +0530,681.35,25,"{'open': 355.4, 'high': 915.3, 'low': 279.55, 'close': 377.35}"
2021:06:18 11:18:05 IST +0530,681.35,25,"{'open': 355.4, 'high': 915.3, 'low': 279.55, 'close': 377.35}"
2021:06:18 11:18:06 IST +0530,679.85,25,"{'open': 355.4, 'high': 915.3, 'low': 279.55, 'close': 377.35}"
2021:06:18 11:18:06 IST +0530,679.85,25,"{'open': 355.4, 'high': 915.3, 'low': 279.55, 'close': 377.35}"
2021:06:18 11:18:07 IST +0530,679.85,25,"{'open': 355.4, 'high': 915.3, 'low': 279.55, 'close': 377.35}"
2021:06:18 11:18:08 IST +0530,685.0,25,"{'open': 355.4, 'high': 915.3, 'low': 279.55, 'close': 377.35}"
2021:06:18 11:18:08 IST +0530,685.0,25,"{'open': 355.4, 'high': 915.3, 'low': 279.55, 'close': 377.35}"
2021:06:18 11:18:09 IST +0530,686.0,25,"{'open': 355.4, 'high': 915.3, 'low': 279.55, 'close': 377.35}"
2021:06:18 11:18:09 IST +0530,682.35,25,"{'open': 355.4, 'high': 915.3, 'low': 279.55, 'close': 377.35}"
2021:06:18 11:18:10 IST +0530,682.35,25,"{'open': 355.4, 'high': 915.3, 'low': 279.55, 'close': 377.35}"
2021:06:18 11:18:11 IST +0530,677.5,25,"{'open': 355.4, 'high': 915.3, 'low': 279.55, 'close': 377.35}"
2021:06:18 11:18:11 IST +0530,677.5,25,"{'open': 355.4, 'high': 915.3, 'low': 279.55, 'close': 377.35}"
2021:06:18 11:18:12 IST +0530,677.5,25,"{'open': 355.4, 'high': 915.3, 'low': 279.55, 'close': 377.35}"
2021:06:18 11:18:12 IST +0530,680.05,25,"{'open': 355.4, 'high': 915.3, 'low': 279.55, 'close': 377.35}"
2021:06:18 11:18:13 IST +0530,680.05,25,"{'open': 355.4, 'high': 915.3, 'low': 279.55, 'close': 377.35}"
2021:06:18 11:18:14 IST +0530,680.05,25,"{'open': 355.4, 'high': 915.3, 'low': 279.55, 'close': 377.35}"
2021:06:18 11:18:14 IST +0530,680.05,25,"{'open': 355.4, 'high': 915.3, 'low': 279.55, 'close': 377.35}"
2021:06:18 11:18:15 IST +0530,685.0,25,"{'open': 355.4, 'high': 915.3, 'low': 279.55, 'close': 377.35}"
2021:06:18 11:18:15 IST +0530,685.0,25,"{'open': 355.4, 'high': 915.3, 'low': 279.55, 'close': 377.35}"
2021:06:18 11:18:16 IST +0530,680.6,25,"{'open': 355.4, 'high': 915.3, 'low': 279.55, 'close': 377.35}"
2021:06:18 11:18:17 IST +0530,680.6,25,"{'open': 355.4, 'high': 915.3, 'low': 279.55, 'close': 377.35}"
2021:06:18 11:18:17 IST +0530,680.6,25,"{'open': 355.4, 'high': 915.3, 'low': 279.55, 'close': 377.35}"
2021:06:18 11:18:18 IST +0530,687.4,75,"{'open': 355.4, 'high': 915.3, 'low': 279.55, 'close': 377.35}"
2021:06:18 11:18:18 IST +0530,687.4,75,"{'open': 355.4, 'high': 915.3, 'low': 279.55, 'close': 377.35}"
2021:06:18 11:18:19 IST +0530,683.55,25,"{'open': 355.4, 'high': 915.3, 'low': 279.55, 'close': 377.35}"
2021:06:18 11:18:20 IST +0530,680.65,50,"{'open': 355.4, 'high': 915.3, 'low': 279.55, 'close': 377.35}"
2021:06:18 11:18:20 IST +0530,681.0,25,"{'open': 355.4, 'high': 915.3, 'low': 279.55, 'close': 377.35}"
2021:06:18 11:18:21 IST +0530,680.0,50,"{'open': 355.4, 'high': 915.3, 'low': 279.55, 'close': 377.35}"
2021:06:18 11:18:21 IST +0530,676.05,50,"{'open': 355.4, 'high': 915.3, 'low': 279.55, 'close': 377.35}"
2021:06:18 11:18:22 IST +0530,678.95,50,"{'open': 355.4, 'high': 915.3, 'low': 279.55, 'close': 377.35}"
2021:06:18 11:18:23 IST +0530,678.95,50,"{'open': 355.4, 'high': 915.3, 'low': 279.55, 'close': 377.35}"
2021:06:18 11:18:23 IST +0530,678.95,50,"{'open': 355.4, 'high': 915.3, 'low': 279.55, 'close': 377.35}"
2021:06:18 11:18:24 IST +0530,678.95,50,"{'open': 355.4, 'high': 915.3, 'low': 279.55, 'close': 377.35}"
2021:06:18 11:18:24 IST +0530,676.05,25,"{'open': 355.4, 'high': 915.3, 'low': 279.55, 'close': 377.35}"
2021:06:18 11:18:25 IST +0530,676.05,25,"{'open': 355.4, 'high': 915.3, 'low': 279.55, 'close': 377.35}"
2021:06:18 11:18:26 IST +0530,686.0,25,"{'open': 355.4, 'high': 915.3, 'low': 279.55, 'close': 377.35}"
2021:06:18 11:18:26 IST +0530,686.0,25,"{'open': 355.4, 'high': 915.3, 'low': 279.55, 'close': 377.35}"
2021:06:18 11:18:27 IST +0530,686.0,25,"{'open': 355.4, 'high': 915.3, 'low': 279.55, 'close': 377.35}"
2021:06:18 11:18:27 IST +0530,686.0,25,"{'open': 355.4, 'high': 915.3, 'low': 279.55, 'close': 377.35}"
2021:06:18 11:18:28 IST +0530,686.0,25,"{'open': 355.4, 'high': 915.3, 'low': 279.55, 'close': 377.35}"
2021:06:18 11:18:29 IST +0530,686.0,25,"{'open': 355.4, 'high': 915.3, 'low': 279.55, 'close': 377.35}"
2021:06:18 11:18:29 IST +0530,696.85,25,"{'open': 355.4, 'high': 915.3, 'low': 279.55, 'close': 377.35}"
2021:06:18 11:18:30 IST +0530,696.85,25,"{'open': 355.4, 'high': 915.3, 'low': 279.55, 'close': 377.35}"
2021:06:18 11:18:30 IST +0530,696.85,25,"{'open': 355.4, 'high': 915.3, 'low': 279.55, 'close': 377.35}"
2021:06:18 11:18:32 IST +0530,696.85,25,"{'open': 355.4, 'high': 915.3, 'low': 279.55, 'close': 377.35}"
2021:06:18 11:18:32 IST +0530,696.85,25,"{'open': 355.4, 'high': 915.3, 'low': 279.55, 'close': 377.35}"
2021:06:18 11:18:33 IST +0530,696.8,25,"{'open': 355.4, 'high': 915.3, 'low': 279.55, 'close': 377.35}"
2021:06:18 11:18:33 IST +0530,696.8,25,"{'open': 355.4, 'high': 915.3, 'low': 279.55, 'close': 377.35}"
2021:06:18 11:18:34 IST +0530,696.8,25,"{'open': 355.4, 'high': 915.3, 'low': 279.55, 'close': 377.35}"
2021:06:18 11:18:35 IST +0530,689.4,25,"{'open': 355.4, 'high': 915.3, 'low': 279.55, 'close': 377.35}"
2021:06:18 11:18:36 IST +0530,689.4,25,"{'open': 355.4, 'high': 915.3, 'low': 279.55, 'close': 377.35}"
2021:06:18 11:18:36 IST +0530,693.2,25,"{'open': 355.4, 'high': 915.3, 'low': 279.55, 'close': 377.35}"
2021:06:18 11:18:37 IST +0530,693.2,25,"{'open': 355.4, 'high': 915.3, 'low': 279.55, 'close': 377.35}"
2021:06:18 11:18:38 IST +0530,682.3,75,"{'open': 355.4, 'high': 915.3, 'low': 279.55, 'close': 377.35}"
2021:06:18 11:18:38 IST +0530,682.3,75,"{'open': 355.4, 'high': 915.3, 'low': 279.55, 'close': 377.35}"
2021:06:18 11:18:39 IST +0530,679.05,50,"{'open': 355.4, 'high': 915.3, 'low': 279.55, 'close': 377.35}"
2021:06:18 11:18:39 IST +0530,679.05,50,"{'open': 355.4, 'high': 915.3, 'low': 279.55, 'close': 377.35}"
2021:06:18 11:18:40 IST +0530,679.05,50,"{'open': 355.4, 'high': 915.3, 'low': 279.55, 'close': 377.35}"
2021:06:18 11:18:41 IST +0530,679.05,50,"{'open': 355.4, 'high': 915.3, 'low': 279.55, 'close': 377.35}"
2021:06:18 11:18:41 IST +0530,679.05,50,"{'open': 355.4, 'high': 915.3, 'low': 279.55, 'close': 377.35}"
2021:06:18 11:18:42 IST +0530,679.05,50,"{'open': 355.4, 'high': 915.3, 'low': 279.55, 'close': 377.35}"
2021:06:18 11:18:43 IST +0530,679.05,50,"{'open': 355.4, 'high': 915.3, 'low': 279.55, 'close': 377.35}"
2021:06:18 11:18:44 IST +0530,679.05,50,"{'open': 355.4, 'high': 915.3, 'low': 279.55, 'close': 377.35}"
2021:06:18 11:18:44 IST +0530,679.05,50,"{'open': 355.4, 'high': 915.3, 'low': 279.55, 'close': 377.35}"
2021:06:18 11:18:45 IST +0530,679.05,50,"{'open': 355.4, 'high': 915.3, 'low': 279.55, 'close': 377.35}"
2021:06:18 11:18:45 IST +0530,684.9,25,"{'open': 355.4, 'high': 915.3, 'low': 279.55, 'close': 377.35}"
2021:06:18 11:18:46 IST +0530,684.9,25,"{'open': 355.4, 'high': 915.3, 'low': 279.55, 'close': 377.35}"
2021:06:18 11:18:47 IST +0530,684.9,25,"{'open': 355.4, 'high': 915.3, 'low': 279.55, 'close': 377.35}"
2021:06:18 11:18:48 IST +0530,684.9,25,"{'open': 355.4, 'high': 915.3, 'low': 279.55, 'close': 377.35}"
2021:06:18 11:18:50 IST +0530,684.9,25,"{'open': 355.4, 'high': 915.3, 'low': 279.55, 'close': 377.35}"
2021:06:18 11:18:50 IST +0530,684.9,25,"{'open': 355.4, 'high': 915.3, 'low': 279.55, 'close': 377.35}"
2021:06:18 11:18:51 IST +0530,684.9,25,"{'open': 355.4, 'high': 915.3, 'low': 279.55, 'close': 377.35}"
2021:06:18 11:18:51 IST +0530,684.9,25,"{'open': 355.4, 'high': 915.3, 'low': 279.55, 'close': 377.35}"
2021:06:18 11:18:52 IST +0530,684.9,25,"{'open': 355.4, 'high': 915.3, 'low': 279.55, 'close': 377.35}"
2021:06:18 11:18:53 IST +0530,684.9,25,"{'open': 355.4, 'high': 915.3, 'low': 279.55, 'close': 377.35}"
2021:06:18 11:18:54 IST +0530,684.9,25,"{'open': 355.4, 'high': 915.3, 'low': 279.55, 'close': 377.35}"
2021:06:18 11:18:55 IST +0530,683.0,25,"{'open': 355.4, 'high': 915.3, 'low': 279.55, 'close': 377.35}"
2021:06:18 11:18:56 IST +0530,683.0,25,"{'open': 355.4, 'high': 915.3, 'low': 279.55, 'close': 377.35}"
2021:06:18 11:18:56 IST +0530,683.0,25,"{'open': 355.4, 'high': 915.3, 'low': 279.55, 'close': 377.35}"
2021:06:18 11:18:57 IST +0530,683.0,25,"{'open': 355.4, 'high': 915.3, 'low': 279.55, 'close': 377.35}"
2021:06:18 11:18:57 IST +0530,683.0,25,"{'open': 355.4, 'high': 915.3, 'low': 279.55, 'close': 377.35}"
2021:06:18 11:18:58 IST +0530,683.0,25,"{'open': 355.4, 'high': 915.3, 'low': 279.55, 'close': 377.35}"
2021:06:18 11:18:59 IST +0530,683.0,25,"{'open': 355.4, 'high': 915.3, 'low': 279.55, 'close': 377.35}"
2021:06:18 11:19:00 IST +0530,683.0,25,"{'open': 355.4, 'high': 915.3, 'low': 279.55, 'close': 377.35}"
2021:06:18 11:19:00 IST +0530,683.0,25,"{'open': 355.4, 'high': 915.3, 'low': 279.55, 'close': 377.35}"
2021:06:18 11:19:01 IST +0530,683.0,25,"{'open': 355.4, 'high': 915.3, 'low': 279.55, 'close': 377.35}"
2021:06:18 11:19:02 IST +0530,678.6,25,"{'open': 355.4, 'high': 915.3, 'low': 279.55, 'close': 377.35}"
2021:06:18 11:19:03 IST +0530,680.4,50,"{'open': 355.4, 'high': 915.3, 'low': 279.55, 'close': 377.35}"
2021:06:18 11:19:03 IST +0530,680.4,50,"{'open': 355.4, 'high': 915.3, 'low': 279.55, 'close': 377.35}"
2021:06:18 11:19:04 IST +0530,680.4,50,"{'open': 355.4, 'high': 915.3, 'low': 279.55, 'close': 377.35}"
2021:06:18 11:19:05 IST +0530,680.4,50,"{'open': 355.4, 'high': 915.3, 'low': 279.55, 'close': 377.35}"
2021:06:18 11:19:06 IST +0530,680.4,50,"{'open': 355.4, 'high': 915.3, 'low': 279.55, 'close': 377.35}"
2021:06:18 11:19:06 IST +0530,680.4,50,"{'open': 355.4, 'high': 915.3, 'low': 279.55, 'close': 377.35}"
2021:06:18 11:19:07 IST +0530,680.4,50,"{'open': 355.4, 'high': 915.3, 'low': 279.55, 'close': 377.35}"
2021:06:18 11:19:08 IST +0530,680.4,50,"{'open': 355.4, 'high': 915.3, 'low': 279.55, 'close': 377.35}"
2021:06:18 11:19:09 IST +0530,680.4,50,"{'open': 355.4, 'high': 915.3, 'low': 279.55, 'close': 377.35}"
2021:06:18 11:19:10 IST +0530,680.4,50,"{'open': 355.4, 'high': 915.3, 'low': 279.55, 'close': 377.35}"
2021:06:18 11:19:11 IST +0530,680.4,50,"{'open': 355.4, 'high': 915.3, 'low': 279.55, 'close': 377.35}"
2021:06:18 11:19:11 IST +0530,680.4,50,"{'open': 355.4, 'high': 915.3, 'low': 279.55, 'close': 377.35}"
2021:06:18 11:19:12 IST +0530,680.4,50,"{'open': 355.4, 'high': 915.3, 'low': 279.55, 'close': 377.35}"
2021:06:18 11:19:12 IST +0530,680.4,50,"{'open': 355.4, 'high': 915.3, 'low': 279.55, 'close': 377.35}"
2021:06:18 11:19:13 IST +0530,680.4,50,"{'open': 355.4, 'high': 915.3, 'low': 279.55, 'close': 377.35}"
2021:06:18 11:19:14 IST +0530,680.4,50,"{'open': 355.4, 'high': 915.3, 'low': 279.55, 'close': 377.35}"
2021:06:18 11:19:14 IST +0530,680.4,50,"{'open': 355.4, 'high': 915.3, 'low': 279.55, 'close': 377.35}"
2021:06:18 11:19:15 IST +0530,680.4,50,"{'open': 355.4, 'high': 915.3, 'low': 279.55, 'close': 377.35}"
2021:06:18 11:19:15 IST +0530,680.4,50,"{'open': 355.4, 'high': 915.3, 'low': 279.55, 'close': 377.35}"
2021:06:18 11:19:16 IST +0530,680.4,50,"{'open': 355.4, 'high': 915.3, 'low': 279.55, 'close': 377.35}"
2021:06:18 11:19:17 IST +0530,680.4,50,"{'open': 355.4, 'high': 915.3, 'low': 279.55, 'close': 377.35}"
2021:06:18 11:19:17 IST +0530,680.4,50,"{'open': 355.4, 'high': 915.3, 'low': 279.55, 'close': 377.35}"
2021:06:18 11:19:18 IST +0530,680.4,50,"{'open': 355.4, 'high': 915.3, 'low': 279.55, 'close': 377.35}"
2021:06:18 11:19:18 IST +0530,680.4,50,"{'open': 355.4, 'high': 915.3, 'low': 279.55, 'close': 377.35}"
2021:06:18 11:19:20 IST +0530,680.4,50,"{'open': 355.4, 'high': 915.3, 'low': 279.55, 'close': 377.35}"
2021:06:18 11:19:20 IST +0530,680.4,50,"{'open': 355.4, 'high': 915.3, 'low': 279.55, 'close': 377.35}"
2021:06:18 11:19:21 IST +0530,689.4,25,"{'open': 355.4, 'high': 915.3, 'low': 279.55, 'close': 377.35}"
2021:06:18 11:19:21 IST +0530,689.4,25,"{'open': 355.4, 'high': 915.3, 'low': 279.55, 'close': 377.35}"
2021:06:18 11:19:22 IST +0530,689.4,25,"{'open': 355.4, 'high': 915.3, 'low': 279.55, 'close': 377.35}"
2021:06:18 11:19:23 IST +0530,694.95,25,"{'open': 355.4, 'high': 915.3, 'low': 279.55, 'close': 377.35}"
2021:06:18 11:19:23 IST +0530,694.95,25,"{'open': 355.4, 'high': 915.3, 'low': 279.55, 'close': 377.35}"
2021:06:18 11:19:24 IST +0530,694.95,25,"{'open': 355.4, 'high': 915.3, 'low': 279.55, 'close': 377.35}"
2021:06:18 11:19:26 IST +0530,694.95,25,"{'open': 355.4, 'high': 915.3, 'low': 279.55, 'close': 377.35}"
2021:06:18 11:19:27 IST +0530,694.95,25,"{'open': 355.4, 'high': 915.3, 'low': 279.55, 'close': 377.35}"
2021:06:18 11:19:27 IST +0530,694.95,25,"{'open': 355.4, 'high': 915.3, 'low': 279.55, 'close': 377.35}"
2021:06:18 11:19:28 IST +0530,694.95,25,"{'open': 355.4, 'high': 915.3, 'low': 279.55, 'close': 377.35}"
2021:06:18 11:19:29 IST +0530,687.1,25,"{'open': 355.4, 'high': 915.3, 'low': 279.55, 'close': 377.35}"
2021:06:18 11:19:30 IST +0530,687.1,25,"{'open': 355.4, 'high': 915.3, 'low': 279.55, 'close': 377.35}"
2021:06:18 11:19:30 IST +0530,687.1,25,"{'open': 355.4, 'high': 915.3, 'low': 279.55, 'close': 377.35}"
2021:06:18 11:19:31 IST +0530,687.1,25,"{'open': 355.4, 'high': 915.3, 'low': 279.55, 'close': 377.35}"
2021:06:18 11:19:32 IST +0530,687.1,25,"{'open': 355.4, 'high': 915.3, 'low': 279.55, 'close': 377.35}"
2021:06:18 11:19:33 IST +0530,687.1,25,"{'open': 355.4, 'high': 915.3, 'low': 279.55, 'close': 377.35}"
2021:06:18 11:19:33 IST +0530,687.1,25,"{'open': 355.4, 'high': 915.3, 'low': 279.55, 'close': 377.35}"
2021:06:18 11:19:33 IST +0530,687.1,25,"{'open': 355.4, 'high': 915.3, 'low': 279.55, 'close': 377.35}"
2021:06:18 11:19:34 IST +0530,687.1,25,"{'open': 355.4, 'high': 915.3, 'low': 279.55, 'close': 377.35}"
2021:06:18 11:19:35 IST +0530,689.0,50,"{'open': 355.4, 'high': 915.3, 'low': 279.55, 'close': 377.35}"
2021:06:18 11:19:35 IST +0530,685.3,50,"{'open': 355.4, 'high': 915.3, 'low': 279.55, 'close': 377.35}"
2021:06:18 11:19:36 IST +0530,690.0,25,"{'open': 355.4, 'high': 915.3, 'low': 279.55, 'close': 377.35}"
2021:06:18 11:19:36 IST +0530,690.0,25,"{'open': 355.4, 'high': 915.3, 'low': 279.55, 'close': 377.35}"
2021:06:18 11:19:37 IST +0530,690.0,25,"{'open': 355.4, 'high': 915.3, 'low': 279.55, 'close': 377.35}"
2021:06:18 11:19:38 IST +0530,690.0,25,"{'open': 355.4, 'high': 915.3, 'low': 279.55, 'close': 377.35}"
2021:06:18 11:19:38 IST +0530,690.0,25,"{'open': 355.4, 'high': 915.3, 'low': 279.55, 'close': 377.35}"
2021:06:18 11:19:39 IST +0530,677.85,25,"{'open': 355.4, 'high': 915.3, 'low': 279.55, 'close': 377.35}"
2021:06:18 11:19:39 IST +0530,677.85,25,"{'open': 355.4, 'high': 915.3, 'low': 279.55, 'close': 377.35}"
2021:06:18 11:19:41 IST +0530,675.0,325,"{'open': 355.4, 'high': 915.3, 'low': 279.55, 'close': 377.35}"
2021:06:18 11:19:42 IST +0530,675.0,325,"{'open': 355.4, 'high': 915.3, 'low': 279.55, 'close': 377.35}"
2021:06:18 11:19:42 IST +0530,675.0,325,"{'open': 355.4, 'high': 915.3, 'low': 279.55, 'close': 377.35}"
2021:06:18 11:19:43 IST +0530,675.0,325,"{'open': 355.4, 'high': 915.3, 'low': 279.55, 'close': 377.35}"
2021:06:18 11:19:44 IST +0530,675.0,325,"{'open': 355.4, 'high': 915.3, 'low': 279.55, 'close': 377.35}"
2021:06:18 11:19:45 IST +0530,675.0,325,"{'open': 355.4, 'high': 915.3, 'low': 279.55, 'close': 377.35}"
2021:06:18 11:19:45 IST +0530,675.0,25,"{'open': 355.4, 'high': 915.3, 'low': 279.55, 'close': 377.35}"
2021:06:18 11:19:46 IST +0530,675.0,25,"{'open': 355.4, 'high': 915.3, 'low': 279.55, 'close': 377.35}"
2021:06:18 11:19:47 IST +0530,675.0,25,"{'open': 355.4, 'high': 915.3, 'low': 279.55, 'close': 377.35}"
2021:06:18 11:19:47 IST +0530,675.0,25,"{'open': 355.4, 'high': 915.3, 'low': 279.55, 'close': 377.35}"
2021:06:18 11:19:48 IST +0530,674.1,25,"{'open': 355.4, 'high': 915.3, 'low': 279.55, 'close': 377.35}"
2021:06:18 11:19:48 IST +0530,674.1,25,"{'open': 355.4, 'high': 915.3, 'low': 279.55, 'close': 377.35}"
2021:06:18 11:19:49 IST +0530,674.1,25,"{'open': 355.4, 'high': 915.3, 'low': 279.55, 'close': 377.35}"
2021:06:18 11:19:50 IST +0530,674.1,25,"{'open': 355.4, 'high': 915.3, 'low': 279.55, 'close': 377.35}"
2021:06:18 11:19:50 IST +0530,674.1,25,"{'open': 355.4, 'high': 915.3, 'low': 279.55, 'close': 377.35}"
2021:06:18 11:19:51 IST +0530,674.1,25,"{'open': 355.4, 'high': 915.3, 'low': 279.55, 'close': 377.35}"
2021:06:18 11:19:53 IST +0530,679.45,25,"{'open': 355.4, 'high': 915.3, 'low': 279.55, 'close': 377.35}"
2021:06:18 11:19:53 IST +0530,679.45,25,"{'open': 355.4, 'high': 915.3, 'low': 279.55, 'close': 377.35}"
2021:06:18 11:19:54 IST +0530,679.45,25,"{'open': 355.4, 'high': 915.3, 'low': 279.55, 'close': 377.35}"
2021:06:18 11:19:54 IST +0530,679.45,25,"{'open': 355.4, 'high': 915.3, 'low': 279.55, 'close': 377.35}"
2021:06:18 11:19:55 IST +0530,679.45,25,"{'open': 355.4, 'high': 915.3, 'low': 279.55, 'close': 377.35}"
2021:06:18 11:19:56 IST +0530,684.0,25,"{'open': 355.4, 'high': 915.3, 'low': 279.55, 'close': 377.35}"
2021:06:18 11:19:56 IST +0530,690.45,25,"{'open': 355.4, 'high': 915.3, 'low': 279.55, 'close': 377.35}"
2021:06:18 11:19:57 IST +0530,688.2,25,"{'open': 355.4, 'high': 915.3, 'low': 279.55, 'close': 377.35}"
2021:06:18 11:19:57 IST +0530,688.2,25,"{'open': 355.4, 'high': 915.3, 'low': 279.55, 'close': 377.35}"
2021:06:18 11:19:58 IST +0530,693.0,25,"{'open': 355.4, 'high': 915.3, 'low': 279.55, 'close': 377.35}"
2021:06:18 11:19:59 IST +0530,693.0,25,"{'open': 355.4, 'high': 915.3, 'low': 279.55, 'close': 377.35}"
2021:06:18 11:19:59 IST +0530,693.0,25,"{'open': 355.4, 'high': 915.3, 'low': 279.55, 'close': 377.35}"
2021:06:18 11:20:00 IST +0530,693.0,25,"{'open': 355.4, 'high': 915.3, 'low': 279.55, 'close': 377.35}"
2021:06:18 11:20:01 IST +0530,688.05,150,"{'open': 355.4, 'high': 915.3, 'low': 279.55, 'close': 377.35}"
2021:06:18 11:20:02 IST +0530,688.05,150,"{'open': 355.4, 'high': 915.3, 'low': 279.55, 'close': 377.35}"
2021:06:18 11:20:02 IST +0530,688.05,150,"{'open': 355.4, 'high': 915.3, 'low': 279.55, 'close': 377.35}"
2021:06:18 11:20:03 IST +0530,688.05,150,"{'open': 355.4, 'high': 915.3, 'low': 279.55, 'close': 377.35}"
2021:06:18 11:20:03 IST +0530,688.05,150,"{'open': 355.4, 'high': 915.3, 'low': 279.55, 'close': 377.35}"
2021:06:18 11:20:04 IST +0530,688.05,150,"{'open': 355.4, 'high': 915.3, 'low': 279.55, 'close': 377.35}"
2021:06:18 11:20:05 IST +0530,688.05,150,"{'open': 355.4, 'high': 915.3, 'low': 279.55, 'close': 377.35}"
2021:06:18 11:20:06 IST +0530,685.55,25,"{'open': 355.4, 'high': 915.3, 'low': 279.55, 'close': 377.35}"
2021:06:18 11:20:07 IST +0530,685.55,25,"{'open': 355.4, 'high': 915.3, 'low': 279.55, 'close': 377.35}"
2021:06:18 11:20:08 IST +0530,685.55,25,"{'open': 355.4, 'high': 915.3, 'low': 279.55, 'close': 377.35}"
2021:06:18 11:20:08 IST +0530,680.35,25,"{'open': 355.4, 'high': 915.3, 'low': 279.55, 'close': 377.35}"
2021:06:18 11:20:09 IST +0530,682.65,25,"{'open': 355.4, 'high': 915.3, 'low': 279.55, 'close': 377.35}"
2021:06:18 11:20:09 IST +0530,682.65,25,"{'open': 355.4, 'high': 915.3, 'low': 279.55, 'close': 377.35}"
2021:06:18 11:20:10 IST +0530,682.65,25,"{'open': 355.4, 'high': 915.3, 'low': 279.55, 'close': 377.35}"
2021:06:18 11:20:11 IST +0530,682.65,25,"{'open': 355.4, 'high': 915.3, 'low': 279.55, 'close': 377.35}"
2021:06:18 11:20:11 IST +0530,682.65,25,"{'open': 355.4, 'high': 915.3, 'low': 279.55, 'close': 377.35}"
2021:06:18 11:20:12 IST +0530,687.35,25,"{'open': 355.4, 'high': 915.3, 'low': 279.55, 'close': 377.35}"
2021:06:18 11:20:12 IST +0530,687.35,25,"{'open': 355.4, 'high': 915.3, 'low': 279.55, 'close': 377.35}"
2021:06:18 11:20:14 IST +0530,687.35,25,"{'open': 355.4, 'high': 915.3, 'low': 279.55, 'close': 377.35}"
2021:06:18 11:20:15 IST +0530,687.35,25,"{'open': 355.4, 'high': 915.3, 'low': 279.55, 'close': 377.35}"
2021:06:18 11:20:15 IST +0530,687.35,25,"{'open': 355.4, 'high': 915.3, 'low': 279.55, 'close': 377.35}"
2021:06:18 11:20:16 IST +0530,675.0,25,"{'open': 355.4, 'high': 915.3, 'low': 279.55, 'close': 377.35}"
2021:06:18 11:20:17 IST +0530,675.0,25,"{'open': 355.4, 'high': 915.3, 'low': 279.55, 'close': 377.35}"
2021:06:18 11:20:17 IST +0530,675.0,25,"{'open': 355.4, 'high': 915.3, 'low': 279.55, 'close': 377.35}"
2021:06:18 11:20:18 IST +0530,675.0,25,"{'open': 355.4, 'high': 915.3, 'low': 279.55, 'close': 377.35}"
2021:06:18 11:20:18 IST +0530,677.7,25,"{'open': 355.4, 'high': 915.3, 'low': 279.55, 'close': 377.35}"
2021:06:18 11:20:19 IST +0530,677.7,25,"{'open': 355.4, 'high': 915.3, 'low': 279.55, 'close': 377.35}"
2021:06:18 11:20:20 IST +0530,677.7,25,"{'open': 355.4, 'high': 915.3, 'low': 279.55, 'close': 377.35}"
2021:06:18 11:20:21 IST +0530,677.7,25,"{'open': 355.4, 'high': 915.3, 'low': 279.55, 'close': 377.35}"
2021:06:18 11:20:21 IST +0530,679.85,25,"{'open': 355.4, 'high': 915.3, 'low': 279.55, 'close': 377.35}"
2021:06:18 11:20:22 IST +0530,679.85,25,"{'open': 355.4, 'high': 915.3, 'low': 279.55, 'close': 377.35}"
2021:06:18 11:20:23 IST +0530,682.65,25,"{'open': 355.4, 'high': 915.3, 'low': 279.55, 'close': 377.35}"
2021:06:18 11:20:23 IST +0530,682.65,25,"{'open': 355.4, 'high': 915.3, 'low': 279.55, 'close': 377.35}"
2021:06:18 11:20:24 IST +0530,682.65,25,"{'open': 355.4, 'high': 915.3, 'low': 279.55, 'close': 377.35}"
2021:06:18 11:20:26 IST +0530,682.65,25,"{'open': 355.4, 'high': 915.3, 'low': 279.55, 'close': 377.35}"
2021:06:18 11:20:27 IST +0530,682.65,25,"{'open': 355.4, 'high': 915.3, 'low': 279.55, 'close': 377.35}"
2021:06:18 11:20:28 IST +0530,686.8,25,"{'open': 355.4, 'high': 915.3, 'low': 279.55, 'close': 377.35}"
2021:06:18 11:20:29 IST +0530,690.1,50,"{'open': 355.4, 'high': 915.3, 'low': 279.55, 'close': 377.35}"
2021:06:18 11:20:29 IST +0530,696.0,25,"{'open': 355.4, 'high': 915.3, 'low': 279.55, 'close': 377.35}"
2021:06:18 11:20:30 IST +0530,696.0,25,"{'open': 355.4, 'high': 915.3, 'low': 279.55, 'close': 377.35}"
2021:06:18 11:20:30 IST +0530,696.95,25,"{'open': 355.4, 'high': 915.3, 'low': 279.55, 'close': 377.35}"
2021:06:18 11:20:31 IST +0530,696.55,25,"{'open': 355.4, 'high': 915.3, 'low': 279.55, 'close': 377.35}"
2021:06:18 11:20:32 IST +0530,696.55,25,"{'open': 355.4, 'high': 915.3, 'low': 279.55, 'close': 377.35}"
2021:06:18 11:20:32 IST +0530,696.55,25,"{'open': 355.4, 'high': 915.3, 'low': 279.55, 'close': 377.35}"
2021:06:18 11:20:33 IST +0530,698.2,25,"{'open': 355.4, 'high': 915.3, 'low': 279.55, 'close': 377.35}"
2021:06:18 11:20:33 IST +0530,696.85,25,"{'open': 355.4, 'high': 915.3, 'low': 279.55, 'close': 377.35}"
2021:06:18 11:20:34 IST +0530,696.85,25,"{'open': 355.4, 'high': 915.3, 'low': 279.55, 'close': 377.35}"
2021:06:18 11:20:35 IST +0530,696.85,25,"{'open': 355.4, 'high': 915.3, 'low': 279.55, 'close': 377.35}"
2021:06:18 11:20:36 IST +0530,696.85,25,"{'open': 355.4, 'high': 915.3, 'low': 279.55, 'close': 377.35}"
2021:06:18 11:20:37 IST +0530,696.85,25,"{'open': 355.4, 'high': 915.3, 'low': 279.55, 'close': 377.35}"
2021:06:18 11:20:38 IST +0530,699.0,75,"{'open': 355.4, 'high': 915.3, 'low': 279.55, 'close': 377.35}"
2021:06:18 11:20:38 IST +0530,699.0,75,"{'open': 355.4, 'high': 915.3, 'low': 279.55, 'close': 377.35}"
2021:06:18 11:20:39 IST +0530,690.0,25,"{'open': 355.4, 'high': 915.3, 'low': 279.55, 'close': 377.35}"
2021:06:18 11:20:39 IST +0530,690.0,25,"{'open': 355.4, 'high': 915.3, 'low': 279.55, 'close': 377.35}"
2021:06:18 11:20:40 IST +0530,690.35,50,"{'open': 355.4, 'high': 915.3, 'low': 279.55, 'close': 377.35}"
2021:06:18 11:20:41 IST +0530,690.35,50,"{'open': 355.4, 'high': 915.3, 'low': 279.55, 'close': 377.35}"
2021:06:18 11:20:41 IST +0530,695.35,25,"{'open': 355.4, 'high': 915.3, 'low': 279.55, 'close': 377.35}"
2021:06:18 11:20:42 IST +0530,696.8,25,"{'open': 355.4, 'high': 915.3, 'low': 279.55, 'close': 377.35}"
2021:06:18 11:20:42 IST +0530,696.8,25,"{'open': 355.4, 'high': 915.3, 'low': 279.55, 'close': 377.35}"
2021:06:18 11:20:43 IST +0530,696.8,25,"{'open': 355.4, 'high': 915.3, 'low': 279.55, 'close': 377.35}"
2021:06:18 11:20:44 IST +0530,696.8,25,"{'open': 355.4, 'high': 915.3, 'low': 279.55, 'close': 377.35}"
2021:06:18 11:20:44 IST +0530,687.35,25,"{'open': 355.4, 'high': 915.3, 'low': 279.55, 'close': 377.35}"
2021:06:18 11:20:45 IST +0530,691.55,25,"{'open': 355.4, 'high': 915.3, 'low': 279.55, 'close': 377.35}"
2021:06:18 11:20:45 IST +0530,691.55,25,"{'open': 355.4, 'high': 915.3, 'low': 279.55, 'close': 377.35}"
2021:06:18 11:20:46 IST +0530,690.8,25,"{'open': 355.4, 'high': 915.3, 'low': 279.55, 'close': 377.35}"
2021:06:18 11:20:47 IST +0530,690.8,25,"{'open': 355.4, 'high': 915.3, 'low': 279.55, 'close': 377.35}"
2021:06:18 11:20:47 IST +0530,690.8,25,"{'open': 355.4, 'high': 915.3, 'low': 279.55, 'close': 377.35}"
2021:06:18 11:20:48 IST +0530,690.8,25,"{'open': 355.4, 'high': 915.3, 'low': 279.55, 'close': 377.35}"
2021:06:18 11:20:48 IST +0530,700.0,25,"{'open': 355.4, 'high': 915.3, 'low': 279.55, 'close': 377.35}"
2021:06:18 11:20:49 IST +0530,700.0,25,"{'open': 355.4, 'high': 915.3, 'low': 279.55, 'close': 377.35}"
2021:06:18 11:20:50 IST +0530,700.0,25,"{'open': 355.4, 'high': 915.3, 'low': 279.55, 'close': 377.35}"
2021:06:18 11:20:50 IST +0530,696.7,25,"{'open': 355.4, 'high': 915.3, 'low': 279.55, 'close': 377.35}"
2021:06:18 11:20:51 IST +0530,700.1,25,"{'open': 355.4, 'high': 915.3, 'low': 279.55, 'close': 377.35}"
2021:06:18 11:20:51 IST +0530,700.1,25,"{'open': 355.4, 'high': 915.3, 'low': 279.55, 'close': 377.35}"
2021:06:18 11:20:52 IST +0530,696.75,75,"{'open': 355.4, 'high': 915.3, 'low': 279.55, 'close': 377.35}"
2021:06:18 11:20:53 IST +0530,696.75,75,"{'open': 355.4, 'high': 915.3, 'low': 279.55, 'close': 377.35}"
2021:06:18 11:20:53 IST +0530,692.5,25,"{'open': 355.4, 'high': 915.3, 'low': 279.55, 'close': 377.35}"
2021:06:18 11:20:54 IST +0530,692.5,25,"{'open': 355.4, 'high': 915.3, 'low': 279.55, 'close': 377.35}"
2021:06:18 11:20:54 IST +0530,692.5,25,"{'open': 355.4, 'high': 915.3, 'low': 279.55, 'close': 377.35}"
2021:06:18 11:20:55 IST +0530,692.5,25,"{'open': 355.4, 'high': 915.3, 'low': 279.55, 'close': 377.35}"
2021:06:18 11:20:56 IST +0530,692.5,25,"{'open': 355.4, 'high': 915.3, 'low': 279.55, 'close': 377.35}"
2021:06:18 11:20:56 IST +0530,697.6,25,"{'open': 355.4, 'high': 915.3, 'low': 279.55, 'close': 377.35}"
2021:06:18 11:20:57 IST +0530,697.6,25,"{'open': 355.4, 'high': 915.3, 'low': 279.55, 'close': 377.35}"
2021:06:18 11:20:57 IST +0530,697.6,25,"{'open': 355.4, 'high': 915.3, 'low': 279.55, 'close': 377.35}"
2021:06:18 11:20:58 IST +0530,697.6,25,"{'open': 355.4, 'high': 915.3, 'low': 279.55, 'close': 377.35}"
2021:06:18 11:20:59 IST +0530,697.6,25,"{'open': 355.4, 'high': 915.3, 'low': 279.55, 'close': 377.35}"
2021:06:18 11:21:00 IST +0530,700.0,25,"{'open': 355.4, 'high': 915.3, 'low': 279.55, 'close': 377.35}"
2021:06:18 11:21:00 IST +0530,700.0,25,"{'open': 355.4, 'high': 915.3, 'low': 279.55, 'close': 377.35}"
2021:06:18 11:21:01 IST +0530,700.0,25,"{'open': 355.4, 'high': 915.3, 'low': 279.55, 'close': 377.35}"
2021:06:18 11:21:02 IST +0530,700.0,25,"{'open': 355.4, 'high': 915.3, 'low': 279.55, 'close': 377.35}"
2021:06:18 11:21:02 IST +0530,700.0,25,"{'open': 355.4, 'high': 915.3, 'low': 279.55, 'close': 377.35}"
2021:06:18 11:21:03 IST +0530,700.0,25,"{'open': 355.4, 'high': 915.3, 'low': 279.55, 'close': 377.35}"
2021:06:18 11:21:03 IST +0530,701.2,25,"{'open': 355.4, 'high': 915.3, 'low': 279.55, 'close': 377.35}"
2021:06:18 11:21:05 IST +0530,692.05,25,"{'open': 355.4, 'high': 915.3, 'low': 279.55, 'close': 377.35}"
2021:06:18 11:21:05 IST +0530,692.0,50,"{'open': 355.4, 'high': 915.3, 'low': 279.55, 'close': 377.35}"
2021:06:18 11:21:06 IST +0530,692.0,50,"{'open': 355.4, 'high': 915.3, 'low': 279.55, 'close': 377.35}"
2021:06:18 11:21:06 IST +0530,692.0,50,"{'open': 355.4, 'high': 915.3, 'low': 279.55, 'close': 377.35}"
2021:06:18 11:21:07 IST +0530,687.35,25,"{'open': 355.4, 'high': 915.3, 'low': 279.55, 'close': 377.35}"
2021:06:18 11:21:08 IST +0530,688.65,25,"{'open': 355.4, 'high': 915.3, 'low': 279.55, 'close': 377.35}"
2021:06:18 11:21:08 IST +0530,688.65,25,"{'open': 355.4, 'high': 915.3, 'low': 279.55, 'close': 377.35}"
2021:06:18 11:21:09 IST +0530,688.65,25,"{'open': 355.4, 'high': 915.3, 'low': 279.55, 'close': 377.35}"
2021:06:18 11:21:09 IST +0530,688.65,25,"{'open': 355.4, 'high': 915.3, 'low': 279.55, 'close': 377.35}"
2021:06:18 11:21:10 IST +0530,681.95,25,"{'open': 355.4, 'high': 915.3, 'low': 279.55, 'close': 377.35}"
2021:06:18 11:21:11 IST +0530,681.95,25,"{'open': 355.4, 'high': 915.3, 'low': 279.55, 'close': 377.35}"
2021:06:18 11:21:11 IST +0530,676.85,25,"{'open': 355.4, 'high': 915.3, 'low': 279.55, 'close': 377.35}"
2021:06:18 11:21:12 IST +0530,676.85,25,"{'open': 355.4, 'high': 915.3, 'low': 279.55, 'close': 377.35}"
2021:06:18 11:21:12 IST +0530,675.0,25,"{'open': 355.4, 'high': 915.3, 'low': 279.55, 'close': 377.35}"
2021:06:18 11:21:13 IST +0530,672.05,25,"{'open': 355.4, 'high': 915.3, 'low': 279.55, 'close': 377.35}"
2021:06:18 11:21:14 IST +0530,672.05,25,"{'open': 355.4, 'high': 915.3, 'low': 279.55, 'close': 377.35}"
2021:06:18 11:21:14 IST +0530,676.95,50,"{'open': 355.4, 'high': 915.3, 'low': 279.55, 'close': 377.35}"
2021:06:18 11:21:15 IST +0530,676.95,50,"{'open': 355.4, 'high': 915.3, 'low': 279.55, 'close': 377.35}"
2021:06:18 11:21:15 IST +0530,669.75,25,"{'open': 355.4, 'high': 915.3, 'low': 279.55, 'close': 377.35}"
2021:06:18 11:21:16 IST +0530,669.75,25,"{'open': 355.4, 'high': 915.3, 'low': 279.55, 'close': 377.35}"
2021:06:18 11:21:17 IST +0530,669.75,25,"{'open': 355.4, 'high': 915.3, 'low': 279.55, 'close': 377.35}"
2021:06:18 11:21:18 IST +0530,669.75,25,"{'open': 355.4, 'high': 915.3, 'low': 279.55, 'close': 377.35}"
2021:06:18 11:21:18 IST +0530,669.75,25,"{'open': 355.4, 'high': 915.3, 'low': 279.55, 'close': 377.35}"
2021:06:18 11:21:19 IST +0530,669.75,25,"{'open': 355.4, 'high': 915.3, 'low': 279.55, 'close': 377.35}"
2021:06:18 11:21:20 IST +0530,669.75,25,"{'open': 355.4, 'high': 915.3, 'low': 279.55, 'close': 377.35}"
2021:06:18 11:21:20 IST +0530,669.75,25,"{'open': 355.4, 'high': 915.3, 'low': 279.55, 'close': 377.35}"
2021:06:18 11:21:21 IST +0530,684.55,25,"{'open': 355.4, 'high': 915.3, 'low': 279.55, 'close': 377.35}"
2021:06:18 11:21:23 IST +0530,684.55,25,"{'open': 355.4, 'high': 915.3, 'low': 279.55, 'close': 377.35}"
2021:06:18 11:21:23 IST +0530,683.45,100,"{'open': 355.4, 'high': 915.3, 'low': 279.55, 'close': 377.35}"
2021:06:18 11:21:24 IST +0530,683.65,25,"{'open': 355.4, 'high': 915.3, 'low': 279.55, 'close': 377.35}"
2021:06:18 11:21:24 IST +0530,683.65,25,"{'open': 355.4, 'high': 915.3, 'low': 279.55, 'close': 377.35}"
2021:06:18 11:21:25 IST +0530,683.65,25,"{'open': 355.4, 'high': 915.3, 'low': 279.55, 'close': 377.35}"
2021:06:18 11:21:26 IST +0530,683.65,25,"{'open': 355.4, 'high': 915.3, 'low': 279.55, 'close': 377.35}"
2021:06:18 11:21:27 IST +0530,683.65,25,"{'open': 355.4, 'high': 915.3, 'low': 279.55, 'close': 377.35}"
2021:06:18 11:21:27 IST +0530,683.65,25,"{'open': 355.4, 'high': 915.3, 'low': 279.55, 'close': 377.35}"
2021:06:18 11:21:28 IST +0530,683.65,25,"{'open': 355.4, 'high': 915.3, 'low': 279.55, 'close': 377.35}"
2021:06:18 11:21:29 IST +0530,683.65,25,"{'open': 355.4, 'high': 915.3, 'low': 279.55, 'close': 377.35}"
2021:06:18 11:21:29 IST +0530,683.65,25,"{'open': 355.4, 'high': 915.3, 'low': 279.55, 'close': 377.35}"
2021:06:18 11:21:30 IST +0530,683.65,25,"{'open': 355.4, 'high': 915.3, 'low': 279.55, 'close': 377.35}"
2021:06:18 11:21:30 IST +0530,683.65,25,"{'open': 355.4, 'high': 915.3, 'low': 279.55, 'close': 377.35}"
2021:06:18 11:21:31 IST +0530,686.75,50,"{'open': 355.4, 'high': 915.3, 'low': 279.55, 'close': 377.35}"
2021:06:18 11:21:32 IST +0530,686.75,50,"{'open': 355.4, 'high': 915.3, 'low': 279.55, 'close': 377.35}"
2021:06:18 11:21:32 IST +0530,686.75,50,"{'open': 355.4, 'high': 915.3, 'low': 279.55, 'close': 377.35}"
2021:06:18 11:21:33 IST +0530,686.75,50,"{'open': 355.4, 'high': 915.3, 'low': 279.55, 'close': 377.35}"
2021:06:18 11:21:34 IST +0530,686.75,50,"{'open': 355.4, 'high': 915.3, 'low': 279.55, 'close': 377.35}"
2021:06:18 11:21:35 IST +0530,686.75,50,"{'open': 355.4, 'high': 915.3, 'low': 279.55, 'close': 377.35}"
2021:06:18 11:21:36 IST +0530,686.75,50,"{'open': 355.4, 'high': 915.3, 'low': 279.55, 'close': 377.35}"
2021:06:18 11:21:37 IST +0530,686.75,50,"{'open': 355.4, 'high': 915.3, 'low': 279.55, 'close': 377.35}"
2021:06:18 11:21:38 IST +0530,686.75,50,"{'open': 355.4, 'high': 915.3, 'low': 279.55, 'close': 377.35}"
2021:06:18 11:21:39 IST +0530,686.75,50,"{'open': 355.4, 'high': 915.3, 'low': 279.55, 'close': 377.35}"
2021:06:18 11:21:39 IST +0530,677.1,50,"{'open': 355.4, 'high': 915.3, 'low': 279.55, 'close': 377.35}"
2021:06:18 11:21:40 IST +0530,677.1,50,"{'open': 355.4, 'high': 915.3, 'low': 279.55, 'close': 377.35}"
2021:06:18 11:21:41 IST +0530,677.1,50,"{'open': 355.4, 'high': 915.3, 'low': 279.55, 'close': 377.35}"
2021:06:18 11:21:41 IST +0530,677.1,50,"{'open': 355.4, 'high': 915.3, 'low': 279.55, 'close': 377.35}"
2021:06:18 11:21:42 IST +0530,677.1,50,"{'open': 355.4, 'high': 915.3, 'low': 279.55, 'close': 377.35}"
2021:06:18 11:21:42 IST +0530,677.1,50,"{'open': 355.4, 'high': 915.3, 'low': 279.55, 'close': 377.35}"
2021:06:18 11:21:43 IST +0530,677.1,50,"{'open': 355.4, 'high': 915.3, 'low': 279.55, 'close': 377.35}"
2021:06:18 11:21:44 IST +0530,670.0,25,"{'open': 355.4, 'high': 915.3, 'low': 279.55, 'close': 377.35}"
2021:06:18 11:21:44 IST +0530,670.0,25,"{'open': 355.4, 'high': 915.3, 'low': 279.55, 'close': 377.35}"
2021:06:18 11:21:45 IST +0530,669.0,25,"{'open': 355.4, 'high': 915.3, 'low': 279.55, 'close': 377.35}"
2021:06:18 11:21:45 IST +0530,669.0,25,"{'open': 355.4, 'high': 915.3, 'low': 279.55, 'close': 377.35}"
2021:06:18 11:21:46 IST +0530,670.0,25,"{'open': 355.4, 'high': 915.3, 'low': 279.55, 'close': 377.35}"
